2468 4218
463 259 665 330 „99-

62 427 211 510 spiciunt
233 447 323 512 esse,
358 447 439 514 quos
469 425 616 493 laudent
661 427 827 498 Mirantur
854 451 909 502 eos
930 429 1069 526 placite.-

60 525 184 608 egisse,
208 525 265 590 sed
289 536 400 596 tumen
424 523 577 593 devitant
592 526 744 595 similiter
759 527 899 616 placere.
931 521 1058 608 Dicen-

60 626 141 697 dum
167 635 219 690 est
244 623 434 706 benevolis,
468 637 506 694 ut
526 649 600 694 cum
621 631 846 716 proximorum
867 629 958 707 facto
979 653 1059 703 oooq

60 725 222 811 spiciunt,
245 725 289 792 od
310 747 407 795 suum
429 747 486 792 cor
507 726 656 814 redeant,
678 739 710 795 et
731 727 771 796 de
781 728 905 799 olienis
925 729 1061 806 actibus

59 846 131 891 nnn
141 833 372 910 praesument3
393 847 435 890 ne
447 823 536 891 bons
548 825 698 910 laudent,
721 837 756 896 ot
771 850 872 914 ogero
892 817 1058 908 recusent.

61 922 212 992 Gravius
234 924 359 1014 quippe
381 932 532 992 extremo
552 925 680 1002 ultione
697 925 844 1007 ¹feriendi
866 939 961 1015 sunt,
984 931 1057 1024 qui·
1176 985 1178 991 s

59 1023 127 1090 bus
150 1021 286 1112 placuit,
309 1023 397 1111 quod
418 1025 543 1090 imitari
564 1025 757 1097 noluerunt.

125 1121 337 1193 Admonendi
358 1135 437 1190 sunt
457 1124 581 1208 invidi,
605 1137 644 1192 ut
661 1127 883 1214 perpendent,
909 1137 1057 1218 quantoe

60 1223 235 1288 caecitatis
258 1232 346 1306 sunt,
366 1225 425 1310 qni
446 1223 556 1291 alieno
572 1235 731 1312 provectu
753 1225 923 1312 deficiunt,
944 1225 1060 1302 eliens.

61 1318 275 1390 exultatione
295 1319 319 1407 ¹)
354 1322 601 1392 contabescunt
637 1323 823 1409 ,Quantae
849 1325 1060 1400 infelicitatis

60 1431 154 1502 sunt,
178 1423 234 1508 qui
248 1420 474 1490 melioratione
487 1425 629 1510 proximi
645 1426 829 1496 deteriores
844 1427 947 1510 fiunt3
963 1426 1057 1496 dum·

60 1541 130 1608 que
152 1531 332 1606 augmenta
354 1521 490 1592 alienae
503 1525 742 1614 prosperitatis
762 1526 942 1613 aspiciunt,
965 1524 1060 1616 apud

60 1620 259 1707 semetipsos
280 1621 381 1686 anxie
404 1621 521 1690 afflicti
543 1624 653 1691 cordis
675 1625 728 1690 sui
748 1635 842 1714 peste
861 1626 1065 1706 metiuntur..

60 1717 413 1804 Quidistisinfolicius,
426 1745 508 1810 quos
517 1721 593 1792 dum
600 1735 777 1811 conspectu
784 1721 930 1794 felicitas
941 1723 1060 1813 aiflois,

57 1841 170 1907 poeno
191 1823 368 1908 nequiores
390 1821 522 1890 reddit?
562 1821 714 1890 Aliorum
737 1845 817 1892 vero
838 1811 950 1907 bono,
969 1845 1057 1910 quun

57 1919 190 1984 habere
212 1943 277 1986 non
299 1929 450 2008 possunt,
475 1923 504 1986 si
518 1920 708 2006 diligerent,
732 1944 794 1989 sua
807 1921 967 1990 fecerent.
1001 1921 1059 1994 Sic

60 2019 189 2108 quippe
212 2029 290 2085 sunt
303 2021 453 2085 universi
467 2021 685 2086 consistentes
696 2021 731 2086 in
745 2021 820 2103 fide,
844 2023 930 2088 sicut
950 2023 1059 2094 mnus

59 2117 211 2184 membro
227 2141 291 2208 uno
314 2120 495 2205 incorpore
505 2117 549 2208 2);
571 2141 660 2205 ¹quse
681 2143 743 2212 per
755 2120 901 2188 officium
923 2120 1058 2210 quidem

60 2219 200 2284 diversa
221 2229 314 2299 sunt,
338 2219 394 2284 sed
418 2241 475 2300 eo,
507 2241 571 2306 quo
600 2219 664 2284 sibi
690 2219 835 2286 vicissim
857 2227 1058 2306 congruunt,

58 2341 166 2384 sinum
187 2317 279 2384 fiunt.
322 2317 421 2384 Unde
443 2318 490 2400 fit,
514 2329 552 2384 ut
572 2340 630 2405 pes
644 2341 704 2405 per
722 2319 853 2384 oculum
876 2318 999 2404 vident,
1023 2328 1064 2386 ot.

59 2439 123 2504 per
145 2416 245 2504 pedes
268 2417 355 2484 oculi
377 2416 589 2502 gradiantur3
612 2419 661 2486 ori
681 2417 817 2510 auditus
833 2419 965 2486 aurium
987 2439 1056 2488 ser·

59 2518 145 2597 viat,
168 2527 202 2582 et
223 2515 265 2599 ad
287 2539 384 2582 usum
407 2540 501 2584 suum
524 2518 661 2586 curibus
689 2517 897 2604 orisdingua
919 2537 1056 2588 comour-

58 2629 134 2699 rat,
166 2616 368 2700 suffragetur
394 2628 509 2683 venter
533 2619 706 2702 manibus,
738 2618 846 2685 ventri
876 2623 1057 2702 operentur

57 2739 192 2786 manus.
234 2716 275 2780 In
297 2717 371 2804 ipss
393 2718 497 2804 igitur
512 2719 658 2804 corporis
679 2717 844 2803 positione
865 2716 1056 2802 accipimus,

59 2815 153 2904 quod
173 2815 209 2882 in
231 2816 361 2882 actione
392 2839 572 2885 servemus.
615 2815 721 2882 Nimis
742 2817 857 2904 itaque
886 2827 983 2902 turpe
1006 2823 1057 2884 est

58 2939 131 2982 non
159 2915 301 2999 imitari,
334 2914 577 3002 quodlsumus.
627 2915 749 2982 Nostro
781 2924 859 2982 sunt
885 2917 1066 3000 nimirum,

58 3036 151 3102 quae
174 3016 236 3080 etsi
266 3015 388 3081 imitari
415 3037 483 3102 nop
511 3036 704 3098 possumus,
737 3035 888 3080 amoinus
909 3015 944 3079 in
967 3013 1055 3098 aliis,

57 3127 95 3180 et
117 3115 302 3181 amantium
323 3113 416 3194 fiunt,
439 3135 592 3201 quaeque
609 3125 763 3186 amantur
782 3116 817 3178 in
830 3114 938 3182 nobis.
967 3112 1055 3179 Hine

56 3235 144 3297 ergo
175 3223 319 3298 pensent
350 3213 471 3297 invidi,
503 3215 627 3280 coritas
657 3223 803 3302 quantoe
832 3213 964 3280 virtutis
991 3219 1054 3297 est,

56 3336 150 3404 quae
172 3313 276 3380 alieni
295 3313 422 3380 loboris
443 3336 563 3402 opero,
593 3324 708 3384 nostro
731 3315 801 3380 sine
823 3310 939 3381 labore
961 3309 1054 3378 iacit.

54 3413 250 3481 Dicendum
269 3414 387 3500 itaque
409 3423 460 3480 est
481 3412 620 3496 invidis,
644 3415 724 3500 quio
748 3411 825 3482 dum
848 3434 882 3480 se
905 3433 925 3476 a
946 3411 1054 3480 livore

54 3513 196 3580 minime
218 3511 427 3598 custodiunt,
456 3515 492 3579 in
513 3513 683 3600 antiquom
714 3513 842 3579 versuti
867 3509 973 3578 hostis
994 3532 1052 3577 ne·

93 3723 114 3793 ¹)
132 3720 198 3777 Alit
216 3720 382 3780 multotiens.
404 3747 440 3794 ·.·
458 3718 479 3790 't
497 3719 562 3778 Alit
580 3733 631 3778 nno
649 3719 856 3870 ⁰⁰⁰¹²¹¹⁹³¹⁸22⁵⁰
873 3731 986 3793 compro
