2468 4218
545 283 599 302 ....
633 247 703 314 'm
746 285 785 300 ..-

160 434 264 486 cen:
306 415 564 484 diursrimns
590 413 866 504 Babylonem,
905 425 950 481 et
979 435 1062 482 non
1093 424 1160 479 est

161 523 322 584 crustu.
348 512 375 602 ¹)
415 512 570 603 Babylon
590 515 716 603 quippe
737 524 883 598 cursum,
903 533 966 582 nco
985 521 1100 582 tumen
1118 511 1161 577 sd
1216 511 1217 518 ’

159 618 345 690 esnitmem
364 614 549 696 reducitur,
572 613 706 702 quando
727 635 820 682 mens
841 615 875 680 in
900 637 1009 702 preve
1028 611 1161 680 actione

160 716 303 783 conium
325 713 431 780 verbs
452 715 668 802 correptionis
690 714 803 795 cudit,
826 713 962 800 flogella
981 714 1159 801 correptio-

161 817 217 882 nis
229 814 381 900 percipit,
403 825 438 878 et
457 824 570 880 temen
591 813 635 878 sd
654 823 748 880 recte
763 813 884 879 salutis
907 815 1030 880 itinera
1043 809 1159 877 redire

162 915 355 980 contemnit
397 913 485 979 Hinc
506 916 639 1000 captivo
660 912 849 980 israelitico
871 911 1009 1001 populo,
1030 933 1093 976 noc
1114 922 1161 976 ts·
1217 919 1218 924 ’

162 1033 239 1079 men
262 1011 306 1077 eb
327 1013 504 1100 iniquitate
525 1033 685 1078 converso
707 1010 871 1078 Dominus
897 1010 1089 1098 exprobrat,
1115 1009 1161 1076 di·

162 1132 257 1178 osus:
290 1113 426 1179 Veros
454 1120 520 1176 est
545 1108 643 1176 mihi
669 1110 808 1178 domus
838 1111 977 1181 Israel
1003 1112 1045 1175 io
1075 1131 1160 1178 sco·

161 1212 283 1279 rium:
323 1235 460 1276 omnes
494 1211 570 1276 isti
600 1233 669 1276 scs
707 1222 748 1275 et
787 1220 976 1276 stannum
1008 1220 1051 1274 et
1082 1209 1160 1273 fer·

161 1334 247 1384 rum
276 1323 316 1376 et
344 1309 554 1396 plumbum
582 1315 624 1375 in
646 1308 779 1376 medic
809 1310 1011 1376 fornacis.
1037 1311 1062 1394 ²)
1114 1309 1162 1372 Ac

163 1411 193 1476 si
215 1421 331 1498 operte
353 1408 462 1475 dicut:
495 1411 649 1494 Purgato
672 1432 728 1476 ecs
748 1431 809 1497 per
830 1411 940 1495 ignem
968 1408 1161 1476 tribulatio·
1218 1467 1219 1476 ,

162 1510 217 1577 nis
238 1509 347 1591 volui,
381 1521 414 1574 et
435 1518 610 1593 argentum
632 1508 706 1575 illos
729 1509 784 1576 vel
808 1532 927 1574 surum
957 1509 1029 1574 fieri
1057 1529 1161 1593 quae-

163 1611 243 1688 sivi,
272 1609 331 1673 sed
352 1611 387 1672 in
416 1610 554 1674 fornace
577 1607 658 1674 mibi
685 1610 722 1675 in
743 1632 817 1691 ses,
847 1621 1002 1676 stannum
1031 1617 1063 1670 et
1094 1607 1161 1671 fer-

160 1731 235 1773 rum
263 1720 296 1774 et
324 1708 495 1794 plumbum
524 1709 611 1772 versi
641 1719 740 1790 sunt3
774 1708 854 1794 quis
882 1730 948 1774 non
974 1705 1017 1772 ed
1050 1706 1160 1772 virtu·

162 1815 247 1889 tem,
270 1805 329 1872 ced
350 1807 393 1871 sd
413 1808 495 1872 vitiu
518 1808 618 1872 etism
640 1809 676 1873 in
690 1805 906 1872 tribulatione
923 1815 1160 1893 proruperunt

160 1907 229 1971 Aes
252 1907 377 1992 qnippe
400 1906 479 1974 dum
499 1910 701 1992 percutitur,
738 1905 880 1994 enuplius
901 1903 1046 1970 metallis
1068 1915 1160 1970 oete·

162 2005 210 2072 ris
232 2007 375 2074 sonitum
398 2005 515 2070 reddit.
558 2005 626 2086 Qui
647 2007 750 2090 igitur
771 2007 806 2071 in
828 2008 1041 2093 percussione
1067 2007 1159 2090 posi·
1219 1995 1220 2004 ¹

159 2116 213 2172 tus
237 2105 381 2192 erumpit
404 2105 446 2170 ud
469 2105 610 2172 sonitum
635 2105 923 2186 murmurationis,
955 2105 988 2171 in
1010 2125 1067 2168 ees
1082 2125 1160 2168 ver·

161 2227 221 2272 sus
253 2217 303 2270 est
331 2208 365 2270 in
386 2205 495 2272 medio
524 2205 681 2272 fornacis.
726 2204 891 2272 Stercuto
919 2227 998 2271 vero
1020 2223 1094 2270 cum
1118 2226 1161 2270 ex

160 2312 235 2370 erte
263 2305 489 2391 componitur,
527 2306 659 2390 urgenti
689 2305 833 2392 speciem
867 2305 1034 2372 mentitur.
1088 2301 1161 2382 Qui

160 2422 240 2487 ergo
254 2403 476 2469 simulationis
493 2404 572 2471 vitio
585 2426 651 2470 non
668 2415 759 2470 earet
771 2403 1044 2483 intribulctiooe,
1067 2412 1160 2468 stan·
1220 2403 1221 2412 ’

160 2522 241 2568 num
262 2502 371 2568 faetus
394 2513 444 2568 est
467 2504 501 2568 in
522 2503 668 2570 fornace.
700 2503 805 2570 Ferro
827 2513 937 2568 eutem
959 2502 1076 2582 utitur,
1103 2501 1162 2588 qui

160 2599 250 2666 vitoe
273 2604 418 2689 proximi
439 2602 626 2669 insidietur.
669 2602 808 2666 Ferrum
829 2603 945 2688 itaque
966 2602 1001 2667 in
1022 2601 1161 2667 fornace

162 2711 230 2780 est,
268 2701 326 2787 qui
355 2702 497 2768 nocendi
525 2699 687 2766 malitiam
715 2721 779 2766 noo
811 2701 933 2768 amittit
961 2702 997 2766 in
1018 2697 1160 2765 tribule·

161 2799 264 2866 tione.
310 2799 490 2866 Plumbum
519 2821 651 2886 quoque
679 2799 799 2865 ceteris
828 2799 975 2866 metallis
1004 2808 1054 2866 est
1077 2819 1159 2882 gru·

159 2900 246 2966 vius.
291 2899 332 2964 Iu
353 2899 488 2966 fornace
510 2921 591 2985 ergo
620 2898 793 2986 plumbum
813 2899 998 2980 invenitur,
1029 2897 1085 2984 qui
1112 2897 1161 2962 sie

159 2999 288 3086 peecsti
310 3002 363 3064 sui
385 2998 530 3086 pondere
551 2999 732 3085 premitur,
767 3008 805 3064 ut
825 2999 925 3062 etism
957 2998 993 3062 in
1014 2994 1159 3061 tribule-

158 3097 249 3164 tione
270 3099 399 3186 positus
420 3122 440 3163 e
462 3099 608 3164 terrenis
622 3095 800 3163 desideriis
817 3117 884 3161 non
897 3096 1038 3164 levetur.
1068 3094 1160 3161 Hinc

158 3217 292 3263 rursum
319 3199 479 3284 seriptum
506 3208 571 3262 ost:
609 3195 746 3264 Multo
776 3193 931 3261 labore
960 3195 1159 3264 sudatum

159 3305 237 3374 est,
260 3305 300 3362 et
323 3319 402 3362 non
423 3297 562 3361 exivit
583 3293 632 3360 de
654 3318 701 3360 ec
722 3295 852 3362 nimia
874 3294 1029 3392 rubigo
1051 3297 1158 3390 ejus,

159 3413 303 3482 neque
324 3391 603 3484 perignemst)
648 3395 765 3480 Ignem
788 3396 912 3486 quippe
936 3393 1032 3462 nobis
1054 3391 1158 3460 tribu·

160 3489 294 3560 lotionis
323 3493 489 3579 admovet,
523 3504 561 3558 ut
593 3495 628 3560 in
657 3492 754 3562 nobis
785 3494 974 3580 rubiginem
1002 3495 1160 3561 vitiorum

162 3633 449 3666 μι--ῇ-κ-η

200 3721 210 3750 ¹
239 3720 294 3773 let.
311 3721 352 3785 51,
371 3721 396 3776 9.
415 3749 446 3760 -
467 3720 487 3785 'l
505 3721 598 3776 Eion
616 3721 662 3788 22,
681 3719 723 3776 18·
742 3749 774 3762 -
793 3718 813 3786 ⁸)
833 3721 926 3776 blscsb.
943 3721 994 3787 24,
1012 3721 1054 3777 12·
