2468 4218
355 224 359 234 =
483 193 688 260 -8l-

91 375 179 443 quae
200 355 438 444 promittuntur
460 379 502 424 ex
522 380 638 446 regno.
680 359 825 428 Discunt
854 359 937 428 leeti
957 383 1001 428 ex
1021 365 1081 429 mi·

16 456 37 498 ³³²
90 473 210 523 narum
244 455 445 543 asperitate,
487 459 575 547 quod
610 461 764 544 timeant3
798 460 937 530 audient
968 461 1081 530 tristes

90 555 309 639 proemiorum
338 554 483 640 gaudia,
523 557 563 623 de
592 557 717 645 quibus
737 568 962 648 praesumant.
1004 557 1081 626 Illis

28 663 31 720 ἶ
91 653 216 740 quippe
238 653 375 720 dicitur:
405 657 491 720 Vae
513 656 653 740 vobis,
688 658 759 743 qui
778 657 938 724 ridetis
959 680 1078 742 nunc,

90 753 283 838 quoniam
311 753 541 842 flebitis31)
580 757 637 824 isti
666 778 744 822 vero
778 756 892 824 eodem
921 757 1081 844 magistro

14 841 35 898 1³11
90 848 229 917 docente
250 852 406 922 audiunt:
440 853 595 922 Iterum
623 853 775 922 videbo
798 877 890 939 vos,
921 865 962 922 et
984 877 1078 942 geu-

14 961 28 1010 t
89 947 207 1016 debit
241 972 311 1017 cor
343 963 544 1037 vestrum,
584 964 626 1022 et
657 953 855 1040 gaudium
891 964 1079 1021 vestrum

15 1048 1081 1142 'mmmmmfflmm

24 1163 31 1202 -Γ
88 1147 143 1218 vel
165 1153 278 1216 tristes
305 1175 372 1220 non
390 1153 492 1220 rebus
513 1153 614 1236 fiunt,
648 1150 706 1218 sed
736 1149 1031 1240 conspersionibus
1052 1150 1078 1238 ³)

15 1265 29 1323 νζ
86 1249 248 1316 existunt.
298 1250 430 1334 Quibus
459 1251 607 1340 profecto
638 1252 857 1320 intimandum
888 1260 957 1335 est,
989 1249 1078 1339 quod

87 1347 254 1434 quaedem
264 1351 346 1420 vitia
360 1349 557 1439 quibusdam
568 1348 859 1440 conspersionibus
876 1351 978 1438 juxte
990 1359 1076 1416 sunt.

20 1449 29 1528 j?
85 1449 222 1519 Habent
242 1451 330 1518 enim
350 1452 433 1520 loeti
462 1473 504 1536 ex
537 1453 723 1540 propinquo
749 1449 937 1536 luxuriem,
965 1449 1077 1518 tristes

15 1600 17 1606 .
84 1551 180 1618 irem
224 1549 323 1616 Unde
344 1573 480 1620 neeesse
494 1561 554 1633 est,
577 1560 616 1618 ut
637 1573 705 1620 non
716 1549 823 1618 solum
835 1552 977 1639 quisque
999 1571 1076 1617 con·

14 1665 31 1711 ,εἰ
85 1649 225 1736 uideret,
258 1651 347 1738 quod
367 1674 410 1718 ex
437 1653 673 1740 conspersione
703 1653 864 1734 sustinet,
896 1647 1078 1720 sedetiam

14 1772 27 1810 :r
84 1748 177 1840 quod
197 1772 239 1816 ex
266 1751 374 1818 vicino
403 1751 550 1818 deterius
570 1759 742 1840 perurget,
774 1772 816 1817 ne
845 1747 922 1817 dnm
950 1771 1076 1838 nequo-

14 1863 29 1911 :oe
84 1871 188 1932 quom
214 1859 345 1936 pugnat
365 1860 479 1920 contre
512 1849 576 1918 hoc
601 1850 690 1938 quod
709 1848 851 1936 toleret,
874 1851 908 1916 ei
930 1871 1076 1938 quoque,

15 1967 26 2012 r
82 1970 104 2016 a
127 1971 195 2036 qno
218 1971 253 2016 se
275 1948 417 2016 liberum
438 1951 604 2032 aestimet,
626 1950 710 2016 vitio
734 1949 935 2018 succumbet.
1031 1948 1035 1956 ’

433 2147 628 2216 CAPUT
668 2149 727 2216 IV.

188 2286 357 2354 Quomodo
375 2284 586 2339 admonendi
604 2279 745 2338 subditi
762 2288 794 2338 et
810 2283 972 2352 praelati,

18 2487 20 2496 ,
133 2419 446 2490 Aliterodmonendi
463 2430 540 2491 suot
551 2419 688 2504 subditi,
701 2430 802 2508 etque
817 2419 913 2486 aliter
923 2419 1076 2508 praelati.

15 2552 19 2612 5
81 2517 167 2588 Illos
189 2542 230 2586 ne
256 2519 417 2608 subjectio
440 2529 609 2606 conterat,
639 2521 784 2589 istosne
811 2517 903 2586 locus
926 2519 1077 2608 superior

14 2653 21 2712 ς,
82 2618 236 2689 extollat.
279 2619 338 2685 Illi
360 2623 552 2704 meminus,
585 2643 671 2709 quoe
689 2620 872 2708 jubentur,
905 2617 1077 2706 impleant,

80 2721 139 2788 isti
162 2719 208 2786 ne'
225 2719 303 2808 plus
326 2721 421 2808 justo
444 2720 604 2810 jubeant,
634 2743 721 2808 quoe
743 2717 980 2808 compleantur.
1023 2717 1077 2784 Illi

80 2830 119 2886 ut
140 2819 309 2884 humiliter
324 2819 534 2902 subiaceant,
558 2821 614 2886 isti
628 2827 666 2885 ut
680 2823 904 2906 temperanter
914 2817 1074 2906 praesint.

14 2909 15 2912 ¹
80 2919 187 3003 Nam,
210 2917 301 3007 qnod
322 2917 467 3006 intelligi
496 2929 529 2984 et
548 2917 736 3006 figuraliter
757 2925 883 3004 potest,
905 2916 972 2983 illis
995 2913 1074 2984 dici-

78 3029 156 3086 tur:
186 3018 315 3102 Filii,
345 3015 518 3084 obedite
551 3015 806 3108 parentibus
836 3017 1000 3083 vestris
1030 3016 1074 3081 in

78 3119 276 3203 Domin0;
298 3117 371 3185 istis
393 3141 473 3185 vero
495 3119 721 3208 praecipitur:
743 3115 797 3182 Et
816 3125 985 3202 potres,
1008 3137 1074 3181 no·

79 3217 162 3288 lite
191 3217 242 3283 ad
272 3217 538 3286 iracundiam
566 3237 807 3306 provocare
835 3213 957 3281 filios
986 3234 1073 3282 ves-

107 3467 136 3534 sp
151 3466 214 3522 buc.
231 3468 264 3531 6,
289 3467 333 3526 25.
362 3495 391 3508 ··
416 3467 440 3537 ¹)
458 3470 531 3524 Joen.
559 3467 606 3535 te,
635 3468 676 3520 22.
701 3495 733 3506 -—
758 3463 781 3534 ¹)
799 3465 849 3520 Per
865 3463 1076 3536 conspersionem

152 3551 180 3608 Β.
198 3552 306 3622 Gregor.
324 3554 367 3607 hic
383 3558 409 3608 et
425 3553 498 3621 olibi,
515 3553 635 3621 indolem,
657 3558 785 3619 notorem,
803 3549 919 3620 eorporis
931 3555 956 3606 et
973 3550 1075 3607 mimos

152 3640 359 3712 temperetionem
377 3645 403 3699 et
419 3639 536 3696 hobitum
553 3639 683 3708 intelligit.
786 3729 788 3735 ,

754 3739 775 3804 4
791 3739 833 3779 *e
