2468 4218
580 265 783 332 ..ss-

181 433 266 502 illud
287 435 408 528 mentis
430 433 615 500 intentione
639 429 839 498 custodiunt.
883 429 924 496 In
948 451 1011 517 quo
1043 438 1075 494 et
1097 429 1174 494 eivi-

182 545 283 604 tatem
304 532 494 600 Jerusalem
517 532 681 621 jubentur
710 529 914 609 describere;
949 527 1027 616 quia
1049 527 1174 614 praedi-

183 634 288 702 cando
308 633 451 700 terrenis
472 631 625 698 cordibus
648 641 767 697 curant
785 649 1009 716 summopere,
1033 628 1175 716 quaesit

53 725 63 742 ’
185 755 351 822 supernae
381 732 474 819 pacis
504 731 606 814 visio,
641 730 877 796 demonstrare.
928 726 998 794 Sed
1025 729 1105 813 quia
1129 728 1173 792 in·

184 853 315 901 cassum
338 831 441 918 gloria
470 833 602 916 patria'e
631 828 783 895 eoelestis
812 829 1027 914 agnoscitur,
1059 827 1126 892 nisi
1148 835 1175 890 et

183 943 311 1020 quauta
327 929 382 994 hio
399 931 531 995 irruant
549 927 652 994 hostis
670 925 781 994 callidi
798 937 1016 1008 tentamenta,
1038 949 1173 992 noscan-

182 1043 255 1114 tur,
279 1038 357 1118 apte
379 1029 609 1115 subjungitur:
644 1017 695 1094 Et
716 1025 945 1093 ordinabis
968 1023 1173 1092 adversus

183 1153 272 1195 eam
302 1126 581 1210 obsidionem,
619 1137 657 1193 et
692 1125 952 1192 aedificabis
981 1127 1172 1191 munitio·

182 1252 264 1295 nes.
310 1227 425 1294 Sancti
447 1229 571 1315 quippe
594 1226 841 1314 praedicatores
864 1225 1068 1292 obsidionem
1090 1228 1174 1291 eirca

183 1328 337 1411 laterem,
361 1329 394 1391 in
416 1349 480 1413 quo
498 1325 687 1392 Jerusalem
706 1327 827 1390 civitas
853 1326 1019 1412 descripta
1038 1335 1105 1408 est,
1129 1349 1173 1391 or·

180 1423 312 1508 dinant,
346 1426 478 1513 quando
499 1435 655 1490 terrenae
678 1425 797 1505 menti,
831 1424 889 1490 sed
906 1427 975 1511 jam
998 1445 1173 1511 supernam

179 1528 322 1611 patriam
343 1526 542 1611 requirenti,
567 1533 693 1612 quanta
716 1545 790 1588 eam
811 1526 846 1588 in
867 1523 969 1610 hujus
989 1525 1077 1589 vitae
1097 1531 1172 1587 tern-

179 1645 260 1709 pore
294 1625 450 1690 vitiorum
488 1625 662 1712 impugnet
693 1621 903 1704 adversitas,
942 1620 1172 1688 demonstrant.

180 1721 265 1789 Nam
287 1743 361 1790 oum
381 1719 641 1812 unumquodque
663 1733 853 1810 peccatum,
889 1721 1047 1808 quomodo
1078 1720 1172 1810 profi·

75 1853 87 1864 κ
178 1820 344 1888 cientibus
367 1822 560 1907 insidietur,
583 1822 778 1907 ostenditur,
817 1823 915 1910 quasi
937 1819 1065 1887 obsidio
1088 1819 1172 1886 eirea

179 1923 350 1988 civitatem·
379 1919 566 1988 Jerusalem
603 1945 683 1988 voce
721 1921 959 2010 praedicatoris
990 1919 1170 1986 ordinatur.

177 2017 247 2086 Sed
279 2023 359 2110 quia
390 2045 459 2088 non
491 2021 598 2088 solum
624 2021 747 2087 debent
771 2022 996 2104 innotescere,
1033 2019 1171 2106 qualiter

178 2121 261 2188 vitia
289 2123 504 2208 impugnent,
538 2141 653 2186 verum
684 2122 785 2188 etiam
808 2117 968 2207 quomodo
991 2119 1170 2185 custoditae

179 2245 239 2288 nos
261 2223 402 2288 virtutes
423 2220 598 2302 roborent,
620 2229 709 2286 recte
733 2217 962 2306 subjungitur:
990 2217 1040 2284 Et
1061 2217 1170 2283 aedi·

176 2319 336 2386 iioabis
355 2321 619 2386 munitiones.
663 2319 867 2388 Munitiones
891 2319 1015 2405 quippe
1039 2324 1170 2384 sanetus

179 2419 392 2507 praedicator
413 2419 583 2504 aedificat,
608 2418 758 2508 quando,
783 2439 870 2504 quae
892 2419 1034 2484 virtutes
1053 2417 1178 2504 quibus·

179 2521 339 2585 resistant
359 2515 464 2602 vitiis,
485 2518 699 2586 demonstrat.
742 2515 786 2583 Et
809 2514 887 2603 quia
915 2527 1085 2582 crescente
1108 2519 1169 2583 vir-

177 2609 550 2716 tuteplerumquebella
561 2617 754 2684 tentationis
769 2625 947 2703 augentur,
964 2613 1170 2682 recteadlrue

104 2799 107 2806 Ι
179 2707 331 2784 additur:
363 2718 415 2784 Et
437 2713 719 2804 comportabis
741 2735 956 2803 aggerem,
986 2720 1023 2780 et
1046 2714 1168 2783 dabis

178 2827 331 2883 eontra
350 2839 435 2883 eam
453 2827 606 2898 castra,
625 2824 663 2880 et
681 2837 808 2903 pones
827 2816 985 2882 arietes
1003 2817 1044 2880 in
1062 2839 1168 2906 gyro.

177 2916 345 3003 Aggerem
375 2931 522 3004 namque
556 2925 761 3001 comportat,
797 2913 930 3000 quando
961 2913 1169 3001 praedicator

178 3016 323 3105 quisque
349 3017 468 3084 molem
497 3015 685 3080 crescentis·
706 3015 901 3081 tentationis
924 3016 1086 3082 enuntiat.
1130 3014 1169 3080 Et

176 3125 293 3184 ortua
320 3115 507 3182 Ierusalem
534 3124 646 3180 eastra
676 3115 794 3198 erigit,
829 3109 964 3203 quando
986 3123 1102 3181 rectae
1123 3117 1167 3180 in·

176 3215 318 3283 tentioni
339 3212 543 3286 audientium
563 3210 669 3281 bostis
691 3210 805 3280 callidi
830 3219 1110 3302 circumspectas,
1141 3221 1168 3278 et

177 3314 275 3402 quasi
299 3308 652 3401 incomprehensibiles
673 3305 813 3381 insidias
842 3313 1033 3406 praedicit„
1059 3314 1168 3402 Atque

174 3416 298 3488 arietes
319 3415 356 3480 in
376 3435 458 3502 gyro
486 3416 597 3502 ponit,
631 3438 706 3482 cum
734 3417 955 3482 tentationum
977 3411 1115 3482 aculeos
1136 3413 1168 3476 in

175 3513 242 3581 hoe
260 3516 331 3582 visa
353 3536 415 3582 nos·
433 3516 584 3606 undiquc
596 3515 858 3600 summissus,
881 3524 915 3586 et
928 3515 1087 3584 virtutum
1096 3527 1166 3580 mu·

175 3629 248 3680 rum
269 3611 487 3709 perrosum,
503 3615 689 3685 innotescit
