2462 4220
447 197 674 310 -arr-

61 409 294 499 praedicanda
323 420 400 476 sunt
428 411 534 492 bona,
564 433 607 477 ns
640 433 683 476 ex
711 412 814 477 latere
831 415 1001 500 ¹juventur
1022 424 1057 480 at

57 509 161 574 mala.
204 509 261 576 Sic
288 510 458 575 laudanda
489 521 565 577 sunt
591 512 679 578 bona
703 533 848 595 summa,
877 535 920 579 ns
942 511 1056 599 despe-

59 619 180 675 rentur
194 607 220 696 ¹)
242 608 366 674 ultima.
410 609 465 675 Sic
476 611 655 677 nutrienda
678 621 756 676 sunt
766 612 891 692 ultima,
911 637 955 679 ne
978 613 1056 679 dum

58 708 221 774 sufficere
244 709 437 792 creduntur,
452 731 668 799 nequaquam
683 711 841 776 tendatur
855 713 899 778 ad
920 735 1055 779 summa

332 895 360 962 0
380 897 412 963 A
430 895 461 1002 .P
483 899 515 964 U
541 897 570 962 Τ
612 896 795 963 XXXVII.

59 1034 108 1084 lle
126 1031 378 1098 exhortatione,
398 1043 479 1098 quae
498 1033 557 1084 uni
575 1033 776 1085 adhibenda
793 1038 843 1085 cst
862 1033 1054 1087 contrariis

336 1117 569 1186 passionibus
589 1117 778 1170 laboranti.

124 1251 170 1317 Et
191 1253 307 1339 gravis
320 1255 451 1340 quidem
474 1252 697 1341 praedicatori
718 1251 811 1318 labor
827 1263 887 1335 est,
911 1255 944 1317 in
969 1277 1072 1318 com*

55 1351 171 1423 munis
198 1353 454 1438 praedicationis
484 1376 565 1417 voce
595 1351 637 1416 ad
671 1351 815 1418 occultos
845 1352 1054 1437 singulorum

58 1461 169 1516 motus
190 1473 375 1538 causasque
397 1451 559 1536 vigilare,
583 1463 616 1516 et
638 1452 882 1536 palaestrarum
906 1474 996 1518 more
1020 1453 1055 1518 in

57 1549 187 1614 diversi
207 1549 321 1616 lateris
345 1561 416 1616 arte
439 1575 474 1616 se
497 1561 648 1634 vertere,
680 1551 782 1616 multo
803 1559 915 1615 tamen
936 1551 1056 1616 acriori

57 1648 174 1713 labore
202 1649 382 1736 fatigatur,
412 1651 546 1738 quando
576 1652 634 1717 uni
665 1652 843 1716 contrariis
870 1652 962 1716 vitiis
986 1671 1054 1715 ser·

57 1749 166 1815 vienti
186 1750 381 1838 praedicare
394 1749 607 1838 compellitur.
652 1750 855 1837 Plerumque
878 1752 965 1817 enim
980 1751 1054 1836 quis

56 1848 170 1914 laetae
193 1849 289 1914 nimis
311 1851 552 1932 conspersionis
563 1847 589 1936 ²)
612 1851 742 1932 existit3
766 1849 824 1914 sed
846 1861 958 1916 tamen
980 1873 1055 1916 eum

55 1958 198 2036 repento
220 1947 359 2015 tristitia
373 1947 490 2015 oborta
512 1949 698 2013 immaniter
718 1947 880 2036 deprimit.
924 1949 1056 2016 Ouran-

53 2047 137 2113 dum
161 2055 211 2114 est
232 2049 347 2136 itaque
370 2049 610 2134 praedicatori,
643 2057 809 2132 quatenus
833 2049 882 2113 sio
904 2059 1056 2132 tergatur

54 2147 212 2230 tristitia,
241 2168 328 2233 quae
357 2147 450 2213 venit
477 2169 521 2211 ex
548 2156 712 2234 ternpore,
742 2155 780 2211 ut
802 2169 867 2212 non
889 2155 1055 2231 augeatur

55 2245 207 2328 laetitia,
237 2267 324 2333 quae
347 2247 494 2338 suppetit
523 2268 565 2310 ex
587 2245 837 2333 conspersione3
866 2256 898 2312 et
920 2247 968 2312 sic
987 2243 1054 2311 fre·

56 2354 160 2412 netur
182 2343 322 2428 laetitia,
347 2367 433 2433 quae
462 2369 505 2410 ex
527 2346 763 2432 conspersione
793 2354 862 2426 est,
885 2353 923 2412 ut
943 2353 1081 2414 tamen.

56 2469 129 2512 non
151 2453 278 2511 crescat
298 2445 453 2527 tristitia,
488 2465 575 2531 quae
604 2445 697 2510 venit
719 2466 762 2508 ex
785 2453 941 2531 ternpore.
984 2445 1064 2525 Ista¹

54 2555 225 2632 gravatur
251 2568 315 2611 usu
344 2544 580 2611 immoderatae
606 2543 912 2631 praecipitationis,
942 2555 974 2610 et
995 2543 1054 2610 ali-

55 2643 194 2736 quando
216 2655 328 2710 tamen
358 2643 402 2710 ab
430 2667 487 2727 eo,
521 2642 611 2730 quod
639 2643 762 2711 festius
796 2644 962 2729 agendum
990 2653 1054 2728 est,

53 2767 137 2812 eum
173 2745 225 2810 vis
261 2744 433 2830 praepedit
464 2741 574 2810 subito
608 2753 710 2809 natae
747 2741 942 2808 formidinis.
991 2743 1055 2810 Ille

52 2853 226 2932 gravatur
247 2865 309 2909 usu
332 2842 568 2909 immoderatae
589 2841 793 2924 formidinis,
818 2853 851 2908 et
872 2841 1054 2933 aliquando

54 2955 172 3010 tamen
201 2943 237 3008 in
269 2965 325 3025 eo,
359 2939 448 3028 quod
476 2926 838 3028 appetit‚⁸temeritate
868 2941 1054 3029 impellitur

53 3042 364 3132 praecipitationis,
390 3039 573 3128 sistraque
589 3043 624 3106 in
638 3041 702 3107 isto
718 3041 921 3128 reprimatur
941 3041 1052 3108 subito

51 3141 180 3211 oborta
200 3139 352 3223 formido,
376 3150 414 3208 ut
423 3147 612 3230 tamennon
636 3149 809 3206 excrescat
829 3140 976 3208 enutrita
996 3139 1054 3206 diu

83 3362 109 3424 Ι)
126 3359 190 3416 alit.
207 3361 391 3430 despiciantur.

82 3445 108 3510 ²)
125 3446 176 3500 Par
202 3444 393 3512 consparsi
404 3457 502 3496 onem
530 3442 652 3522 intelligit
670 3441 698 3496 S.
716 3442 859 3510 Gregorius
885 3441 929 3498 tric
945 3447 971 3496 st
987 3441 1054 3498 alibi

130 3531 250 3595 indolem,
268 3536 394 3597 naturam,
412 3528 525 3598 corporis
543 3534 568 3581 at
585 3529 687 3582 animae
705 3528 912 3597 temperationem
930 3534 956 3583 st
973 3527 1051 3582 habi·

130 3621 201 3684 tum;
224 3631 287 3685 orgo
306 3615 404 3670 laeta
426 3613 634 3681 consparsio
658 3613 725 3666 idsnr
742 3619 795 3679 est,
822 3628 854 3666 ae
871 3614 967 3668 laetum
985 3619 1051 3669 teur-

133 3709 327 3772 panmastun,
353 3702 393 3758 sti
411 3701 468 3772 jam
480 3708 567 3769 supra
582 3697 781 3756 elmuinus
795 3713 856 3769 sap.
868 3701 917 3754 IV.
933 3715 994 3772 pua
1011 3701 1054 3760 81.
