2462 4220
478 245 621 340 -'·18‘1
663 309 703 324 ..

88 443 208 506 atione
227 436 365 522 scillcet,
387 431 678 523 delectatione,‘et
690 459 861 507 consensu.
881 440 906 526 ¹)
950 441 1095 508 Primum

89 539 213 626 ineque
234 559 296 625 par
315 539 454 622 hastam,
477 539 660 606 secundam
676 562 756 606 vero
779 563 840 626 per
858 555 1014 624 earnem,‘'
1026 547 1094 607 ter·

89 639 180 706 aum
200 639 424 726 perspiritum
436 649 657 727 perpetratur.
690 639 874 706 Insidiator
886 641 974 704 enini
986 654 1093 727 prava

92 739 260 823 suggerit,
282 758 417 805 carnae
439 737 655 804 delectationi
678 738 824 825 subjicit,
848 749 948 827 atque
971 737 1014 804 ad
1036 759 1094 804 ex·

91 848 238 903 mamam
260 839 399 923 spiritus
412 839 521 904 victus
537 839 758 904 delectatione
774 839 949 904 consentit.
994 837 1094 904 Unde

91 946 131 1002 et
157 937 213 1001 ille
243 961 381 1022 serpens
403 960 512 1025 prava
545 940 732 1023 suggessit,
765 937 840 1002 Eva
862 949 972 1003 autem
996 939 1096 1023 quasi

92 1055 176 1100 carc
198 1058 234 1100 se
257 1036 472 1104 delectationi
494 1037 658 1119 subdidit,
681 1037 788 1102 Adam
810 1058 891 1102 vero
913 1037 1003 1103 velut
1026 1038 1092 1126 spi·

91 1136 181 1200 ritus
203 1139 417 1221 suggestione
439 1157 479 1202 ac
501 1136 720 1202 delectatione
744 1145 922 1222 superatus
941 1139 1095 1210 assensit.

93 1233 320 1318 suggestione
341 1235 456 1322 itaque
488 1247 660 1324 peceatum
688 1236 914 1320 agnoscimus,
948 1233 1093 1301 delecta·
1161 1243 1172 1258 ⁶

94 1333 188 1399 tiene
200 1335 375 1417 vincimur,
400 1356 563 1402 consensu
586 1333 849 1420 etiamligamur.
882 1332 1094 1400 Admonendi

33 1473 35 1480 ,
95 1443 178 1497 sunt
198 1435 310 1519 igitur,
336 1436 575 1523 quinequitiae
588 1435 801 1521 cogitationis
814 1434 947 1515 deflent,
970 1442 1007 1498 ut
1030 1433 1092 1500 sol-

94 1531 187 1601 licite
202 1535 422 1620 considerent,
446 1538 481 1601 in
504 1535 877 1622 quapeacatimensura
890 1532 1093 1618 ceciderunt,

96 1642 265 1719 qnatenus
290 1636 390 1721 juxta
411 1636 529 1701 ruinae
551 1637 700 1717 modum,
729 1657 828 1721 quam
850 1637 884 1699 in
908 1633 1094 1720 semetipsis

95 1732 262 1812 introrsus
285 1735 444 1817 sentiunt,
469 1737 569 1800 etiam
580 1756 737 1801 mensura
758 1733 1007 1800 lamentationis
1029 1733 1094 1796 eri·

94 1842 236 1916 gantur3
257 1853 300 1896 ne
324 1833 354 1898 si
373 1834 518 1918 cogitata
539 1834 629 1898 mala
651 1837 760 1898 minus
782 1835 953 1914 cruciant,
984 1851 1093 1918 usque

92 1927 142 1994 ad
169 1931 395 2016 perpetranda
426 1954 528 2018 opera
556 1923 753 2018 perducant.
798 1929 866 1996 Sed
894 1933 983 1996 inter
1011 1931 1095 1996 haec

93 2030 146 2095 ita
157 2030 304 2096 terrendi
315 2038 403 2112 sunt,
427 2041 463 2094 ut
473 2041 583 2096 tamen
593 2031 727 2096 minime
738 2033 950 2116 frangantur.
984 2029 1094 2114 Saepe

93 2131 187 2196 enim
207 2131 393 2197 misericors
408 2129 503 2196 Deus
521 2153 559 2195 eo
581 2131 830 2216 citiuspeccata
842 2126 947 2194 cordis
970 2127 1094 2212 abluit,

98 2253 166 2319 quo
189 2228 272 2295 baec
294 2231 387 2296 exire
410 2229 453 2294 ad
481 2241 582 2316 opera
602 2251 672 2294 non
692 2230 866 2315 permittit3
893 2239 926 2292 et
947 2229 1095 2312 cogitata

94 2333 251 2420 nequitia
273 2341 399 2418 quanto
423 2331 523 2394 eitius
546 2329 705 2409 solvitur,
737 2331 817 2415 quia
840 2327 960 2393 effectu
983 2328 1094 2413 operis

93 2432 283 2498 districtius
306 2429 531 2515 conligatur.
574 2427 673 2495 Unde
696 2438 785 2492 reete
806 2449 868 2513 per
886 2427 1093 2513 psalmistam

95 2531 234 2598 dicitur:
255 2530 373 2610 Dixi,
396 2526 686 2618 pronuntiabo
708 2527 933 2593 adversum
954 2527 1094 2591 mein·

91 2631 298 2722 justitias
319 2650 434 2694 meas
456 2629 648 2710 Domino,
676 2635 778 2692 etta
801 2627 1008 2692 remisisti
1030 2627 1095 2690 im·

96 2731 298 2818 pietatem
328 2727 477 2795 cordis
505 2729 637 2813 mei.²)
680 2727 750 2809 Qui
780 2726 868 2790 enim
891 2727 1095 2812 impietatem

94 2829 206 2896 cordis
218 2827 378 2909 subdidit,
403 2828 484 2912 quia
502 2828 740 2912 cogitationum
752 2825 936 2912 injustitias
947 2845 1095 2911 pronun·

95 2929 185 2995 tiare
209 2927 329 3010 vellet,
361 2927 534 2994 indicavit
576 2929 735 3014 Dumque
764 2925 827 2989 ait:
854 2921 973 3006 Dixi,
1003 2947 1096 3012 pro·
1199 2936 1201 2941 “

98 3027 314 3110 nuntiabo,
337 3027 721 3114 atqueillicoadJunxit:
740 3025 792 3090 Et
812 3033 856 3090 tu
878 3023 1096 3102 remisisti3

98 3127 268 3216 quamsit
294 3148 394 3214 super
424 3125 509 3191 haee
537 3125 650 3192 facilis
678 3127 798 3206 venia,
831 3122 985 3190 ostendit
1029 3119 1097 3202 Qui
1183 3149 1195 3178 ι

128 3367 153 3437 “)
171 3370 267 3422 Eadem
291 3370 368 3422 tradit
386 3365 412 3423 S.
431 3371 476 3420 Dr.
495 3369 591 3424 Hamil.
617 3370 657 3420 16.
677 3371 704 3421 in
722 3369 850 3436 Evangel.
869 3373 893 3422 et
911 3367 1006 3419 similia
1023 3365 1095 3418 Tho-

97 3477 100 3484 ·
168 3469 226 3507 mas
245 3471 261 3508 a
279 3454 388 3524 Kompis
405 3455 449 3508 lib.
469 3457 492 3507 1.
512 3456 543 3508 dc
560 3443 629 3510 lrn'it.
649 3455 756 3521 Christi,
774 3469 830 3522 cap.
850 3453 891 3512 13.
909 3467 934 3505 n.
954 3451 979 3506 5.
1014 3451 1097 3518 „Nam

168 3543 252 3610 primo
270 3541 382 3594 occurrit
399 3543 477 3595 menti
497 3541 609 3610 simplex
620 3541 750 3609 cogitatio,
768 3541 859 3594 deiude
877 3539 952 3593 fortis
970 3538 1098 3606 imagine·

169 3628 213 3696 tio,
234 3631 323 3696 mena
342 3627 477 3691 miamin
495 3631 522 3682 et
536 3631 624 3680 motus
641 3640 740 3694 pratus
758 3631 783 3681 el
799 3625 958 3690 assnrsiof‘,

126 3719 318 3789 thb
