2468 4218
587 269 812 342 „ruu-

200 439 253 508 bis
277 450 327 506 eet
349 439 563 527 superfluum,¹
593 441 688 508 modo
712 441 879 528 percussio
901 445 1040 522 retonat,
1064 445 1186 504 stasne

202 539 272 606 tolo
293 561 353 604 nos
376 538 410 602 in
434 538 583 605 aedificio
616 539 793 606 eoncordia
822 537 971 604 caritatis
993 538 1088 622 liget.¹
1128 537 1185 602 Ad·

198 636 356 704 menendi
378 649 455 704 suut
476 639 587 725 aegri,
610 649 649 704 ut
670 638 882 705 considerent
896 661 957 726 pro
973 635 1184 724 percipiendis

199 737 343 801 terrenis
377 733 665 818 haereditatibus,
699 757 798 824 quam
830 735 914 801 dura
939 735 1092 802 carnales
1113 736 1183 802 filios

201 833 402 921 disciplinae
426 833 563 920 flagella
586 837 759 919 castigent.
803 835 900 917 Quae
926 855 1005 920 ergo
1026 836 1123 901 nobis
1145 833 1182 898 di-

200 933 300 998 vinae
330 925 548 1018 correptionis
578 953 686 1018 poena
715 935 830 1016 gravis
852 943 922 1014 est,
957 957 1018 1020 per
1040 957 1139 1021 quam
1158 945 1182 998 et

198 1051 381 1118 numquam
403 1028 586 1096 amittenda
607 1029 798 1096 haereditas
821 1033 1021 1119 percipitur,
1057 1042 1090 1096 et
1112 1055 1181 1096 sem·

198 1151 437 1217 permansura
458 1128 622 1219 supplicia
643 1130 819 1196 vitantur?
850 1131 939 1196 Hine
961 1133 1083 1198 etenim
1107 1133 1181 1196 Pau

198 1229 253 1295 lus
280 1231 340 1296 ait·
374 1229 532 1294 Patres
563 1230 730 1317 quidem
759 1231 898 1295 carnis
926 1243 1098 1297 nostrae
1127 1205 1219 1295 hui

196 1329 362 1394 buimus
394 1328 647 1410 eruditores,
682 1338 722 1393 et
757 1329 1071 1394 reverebamur
1108 1352 1181 1408 eos,

199 1451 278 1493 non
302 1426 474 1514 ¹)multo
497 1429 632 1512 magis
661 1427 1046 1514 obtemperabimus
1081 1427 1219 1516 patri

199 1527 447 1613 spirituum,
471 1536 511 1590 et
532 1527 749 1590 vivemus?
785 1529 834 1592 Et
856 1527 927 1592 illi
954 1529 1127 1612 quidem
1148 1530 1180 1590 in
1218 1531 1219 1544 ¹

197 1633 385 1714 tempore
419 1647 646 1710 paucorum
679 1624 837 1689 dierum
871 1626 1097 1709 secundum
1125 1649 1179 1691 vo·

198 1724 398 1790 luntatem
422 1747 537 1788 suam
559 1722 811 1790 erudiebant
833 1748 924 1807 nos3
957 1724 1025 1790 bic
1048 1737 1179 1792 autem

92 1839 94 1844 '
198 1824 247 1891 ad
276 1823 318 1889 id
341 1824 449 1910 quod
470 1821 581 1887 utile
612 1824 738 1890 estin
766 1823 1016 1912 recipiendo
1040 1825 1179 1890 sancti·

196 1923 443 1989 ficationem
466 1925 569 2010 ejus.
591 1921 617 2010 2)

260 2023 468 2114 Admonendi
499 2033 576 2088 sunt
597 2026 708 2108 aegri,
743 2033 781 2087 ut
803 2021 1030 2104 considerent,
1063 2031 1179 2110 quauta

197 2124 289 2192 salus
310 2123 420 2190 cordis
442 2123 485 2186 sit
504 2122 658 2188 molestia
675 2120 874 2208 corporalis,
900 2145 986 2208 quae
1006 2121 1051 2187 ad
1076 2121 1177 2206 cogni·

195 2229 317 2293 tionem
341 2223 395 2288 sui
417 2232 557 2287 mentem
579 2231 729 2304 revocat,
753 2229 786 2285 et
806 2243 905 2306 quem
919 2221 1117 2308 plerumque
1135 2242 1177 2286 aa·

195 2325 248 2391 lus
276 2323 408 2408 abiicit,
440 2321 640 2386 infirmitatis
669 2323 859 2386 memoriam
884 2321 910 2408 3)
940 2321 1117 2402 reformem
1150 2329 1177 2382 ut

195 2425 343 2504 animus,
373 2422 431 2508 qui
453 2431 549 2485 extra
572 2444 607 2486 se
629 2424 663 2485 in
685 2421 863 2506 elationem
885 2421 1033 2504 ducitur,
1068 2424 1123 2486 eui
1144 2420 1177 2484 sit
1216 2443 1217 2460 ι

195 2521 376 2594 conditioni
407 2520 576 2603 subditus,
615 2544 657 2586 ex
684 2541 860 2606 percussa,
896 2544 996 2608 quam
1032 2524 1176 2597 sustinet,

195 2645 296 2688 earne
308 2631 522 2686 memoretur.
559 2619 657 2698 Quod
679 2628 768 2684 recte
790 2642 851 2706 per
862 2621 1001 2686 Balaam
1015 2621 1060 2710 (si
1074 2633 1176 2686 tamer

195 2742 308 2788 vocem
337 2721 402 2784 Dei
431 2719 592 2806 subsequi
622 2718 806 2784 obediendo
836 2719 1011 2808 voluisset)
1046 2725 1081 2788 in
1113 2725 1176 2808 ipsa

195 2825 268 2910 ejus
290 2821 417 2899 itineris
438 2821 662 2886 retardatione
684 2821 844 2905 signatur.
884 2820 1023 2888 Balaam
1040 2840 1175 2908 namque

192 2923 369 3011 pervenire
392 2921 435 2986 ad
455 2920 658 3007 propositum
681 2919 799 2999 tendit,
822 2920 881 2986 sed
895 2923 969 3006 ejus
983 2931 1097 2989 votum
1114 2923 1174 2987 ani·

194 3022 271 3106 mal,
295 3023 347 3088 eui
361 3018 541 3107 praesidet,
565 3018 789 3108 praepediet)
818 3018 1046 3088 Prohibitione
1061 3026 1175 3110 quippe

195 3124 367 3189 immorata
388 3119 485 3184 asina
505 3117 671 3202 Angelum
684 3116 793 3202 videt,
817 3142 916 3206 quem
933 3121 1079 3188 bumana
1091 3143 1175 3190 meus

193 3241 262 3290 non
283 3219 390 3300 videt3
413 3219 492 3304 quia
512 3217 706 3304 plerumque
729 3239 806 3285 earo
828 3242 889 3306 per
903 3219 1074 3288 molestias
1087 3222 1175 3289 tarda

131 3375 139 3383 .
192 3320 326 3406 flagello
349 3340 408 3383 suo
430 3317 532 3381 menti
553 3315 662 3382 Deum
688 3318 829 3403 iudicat,
863 3343 961 3406 quem
989 3343 1081 3390 meus
1109 3327 1174 3410 ipsa

193 3422 291 3488 carni
310 3415 504 3520 praesidens
527 3439 595 3483 uon
612 3417 766 3500 videbat,
788 3424 834 3485 ita
849 3433 885 3486 ut
901 3423 1105 3488 anxietatem
1117 3424 1174 3510 spi·

193 3559 489 3574 ma...

231 3649 248 3713 Ι)
269 3645 332 3698 Alit.
350 3657 440 3699 uonna.
460 3673 492 3685 -
518 3645 542 3714 ²)
561 3647 637 3700 usur.
656 3647 702 3714 12,
720 3647 745 3702 9.
765 3649 805 3704 10.
826 3679 854 3688 -
876 3649 899 3717 ³)
918 3650 982 3707 Alit.
1001 3655 1131 3708 merueris.
1149 3680 1171 3690 —

264 3729 288 3798 ⁴)
306 3734 381 3786 Num.
398 3731 440 3801 22,
457 3729 500 3788 23.
517 3735 571 3786 etei
