<?xml version="1.0" encoding="UTF-8"?>
<!DOCTYPE html PUBLIC "-//W3C//DTD XHTML 1.0 Transitional//EN"
    "http://www.w3.org/TR/xhtml1/DTD/xhtml1-transitional.dtd">
<html xmlns="http://www.w3.org/1999/xhtml" xml:lang="en" lang="en">
 <head>
  <title>
</title>
<meta http-equiv="Content-Type" content="text/html;charset=utf-8" />
  <meta name='ocr-system' content='tesseract 3.04.00' />
  <meta name='ocr-capabilities' content='ocr_page ocr_carea ocr_par ocr_line ocrx_word'/>
</head>
<body>
  <div class='ocr_page' id='page_1' title='image "./depastoralicura00greggoog_0185.png"; bbox 0 0 2462 4220; ppageno 0'>
   <div class='ocr_carea' id='block_1_1' title="bbox 546 299 774 366">
    <p class='ocr_par' dir='ltr' id='par_1_1' title="bbox 546 299 774 366">
     <span class='ocr_line' id='line_1_1' title="bbox 546 299 774 366; baseline 0 -1"><span class='ocrx_word' id='word_1_1' title='bbox 546 299 774 366; x_wconf 77' lang='lat'>-162-</span> 
     </span>
    </p>
   </div>
   <div class='ocr_carea' id='block_1_2' title="bbox 85 463 1156 1252">
    <p class='ocr_par' dir='ltr' id='par_1_2' title="bbox 85 463 1156 1252">
     <span class='ocr_line' id='line_1_2' title="bbox 163 463 1155 554; baseline -0.002 -20"><span class='ocrx_word' id='word_1_2' title='bbox 163 463 331 548; x_wconf 79' lang='lat' dir='ltr'><strong>Audiaut,</strong></span> <span class='ocrx_word' id='word_1_3' title='bbox 362 463 451 554; x_wconf 90' lang='lat' dir='ltr'><strong>quod</strong></span> <span class='ocrx_word' id='word_1_4' title='bbox 472 463 597 548; x_wconf 80' lang='lat' dir='ltr'><strong>Isaiae,</strong></span> <span class='ocrx_word' id='word_1_5' title='bbox 629 467 709 554; x_wconf 88' lang='lat' dir='ltr'><strong>quia</strong></span> <span class='ocrx_word' id='word_1_6' title='bbox 732 488 753 531; x_wconf 90' lang='lat' dir='ltr'><strong>a</strong></span> <span class='ocrx_word' id='word_1_7' title='bbox 775 469 871 533; x_wconf 86' lang='lat' dir='ltr'><strong>verbi</strong></span> <span class='ocrx_word' id='word_1_8' title='bbox 899 468 1087 533; x_wconf 87' lang='lat' dir='ltr'><strong>ministerio</strong></span> <span class='ocrx_word' id='word_1_9' title='bbox 1108 475 1155 532; x_wconf 82' lang='lat' dir='ltr'><strong>ta·</strong></span> 
     </span>
     <span class='ocr_line' id='line_1_3' title="bbox 163 559 1154 652; baseline -0.004 -20"><span class='ocrx_word' id='word_1_10' title='bbox 163 565 250 646; x_wconf 86' lang='lat' dir='ltr'><strong>cuit,</strong></span> <span class='ocrx_word' id='word_1_11' title='bbox 274 563 466 630; x_wconf 89' lang='lat' dir='ltr'><strong>illustratus</strong></span> <span class='ocrx_word' id='word_1_12' title='bbox 489 587 633 651; x_wconf 89' lang='lat' dir='ltr'><strong>superno</strong></span> <span class='ocrx_word' id='word_1_13' title='bbox 654 565 798 646; x_wconf 89' lang='lat' dir='ltr'><strong>lumine,</strong></span> <span class='ocrx_word' id='word_1_14' title='bbox 831 559 954 652; x_wconf 84' lang='lat' dir='ltr'><strong>magna</strong></span> <span class='ocrx_word' id='word_1_15' title='bbox 975 584 1056 629; x_wconf 88' lang='lat' dir='ltr'><strong>voce</strong></span> <span class='ocrx_word' id='word_1_16' title='bbox 1079 584 1154 652; x_wconf 88' lang='lat' dir='ltr'><strong>poe·</strong></span> 
     </span>
     <span class='ocr_line' id='line_1_4' title="bbox 164 661 1152 752; baseline -0.007 -19"><span class='ocrx_word' id='word_1_17' title='bbox 164 666 328 734; x_wconf 88' lang='lat' dir='ltr'><strong>nitentiae</strong></span> <span class='ocrx_word' id='word_1_18' title='bbox 351 663 480 752; x_wconf 87' lang='lat' dir='ltr'><strong>seipse</strong></span> <span class='ocrx_word' id='word_1_19' title='bbox 503 663 735 752; x_wconf 83' lang='lat' dir='ltr'><strong>reprehendit,</strong></span> <span class='ocrx_word' id='word_1_20' title='bbox 765 663 895 730; x_wconf 82' lang='lat' dir='ltr'><strong>dicens:</strong></span> <span class='ocrx_word' id='word_1_21' title='bbox 925 665 1011 730; x_wconf 88' lang='lat' dir='ltr'><strong>Vae</strong></span> <span class='ocrx_word' id='word_1_22' title='bbox 1041 661 1152 744; x_wconf 90' lang='lat' dir='ltr'><strong>mihi,</strong></span> 
     </span>
     <span class='ocr_line' id='line_1_5' title="bbox 85 760 1156 854; baseline -0.002 -24"><span class='ocrx_word' id='word_1_23' title='bbox 85 769 88 778; x_wconf 85' lang='lat'>&#39;</span> <span class='ocrx_word' id='word_1_24' title='bbox 165 765 262 854; x_wconf 90' lang='lat' dir='ltr'><strong>quia</strong></span> <span class='ocrx_word' id='word_1_25' title='bbox 295 764 419 828; x_wconf 90' lang='lat' dir='ltr'><strong>tacui.</strong></span> <span class='ocrx_word' id='word_1_26' title='bbox 441 760 466 845; x_wconf 91' lang='lat'><strong>¹)</strong></span> <span class='ocrx_word' id='word_1_27' title='bbox 488 763 662 846; x_wconf 85' lang='lat' dir='ltr'><strong>Audiaut,</strong></span> <span class='ocrx_word' id='word_1_28' title='bbox 697 761 786 853; x_wconf 91' lang='lat' dir='ltr'><strong>quod</strong></span> <span class='ocrx_word' id='word_1_29' title='bbox 808 785 868 850; x_wconf 91' lang='lat' dir='ltr'><strong>per</strong></span> <span class='ocrx_word' id='word_1_30' title='bbox 890 761 1104 829; x_wconf 87' lang='lat' dir='ltr'><strong>Salomonem</strong></span> <span class='ocrx_word' id='word_1_31' title='bbox 1123 763 1156 828; x_wconf 91' lang='lat' dir='ltr'><strong>in</strong></span> 
     </span>
     <span class='ocr_line' id='line_1_6' title="bbox 163 860 1155 952; baseline -0.003 -23"><span class='ocrx_word' id='word_1_32' title='bbox 163 863 258 930; x_wconf 90' lang='lat' dir='ltr'><strong>illum</strong></span> <span class='ocrx_word' id='word_1_33' title='bbox 280 861 538 950; x_wconf 78' lang='lat' dir='ltr'><strong>praedicationis</strong></span> <span class='ocrx_word' id='word_1_34' title='bbox 557 864 695 930; x_wconf 88' lang='lat' dir='ltr'><strong>scientia</strong></span> <span class='ocrx_word' id='word_1_35' title='bbox 706 860 926 952; x_wconf 80' lang='lat' dir='ltr'><strong>multiplicari</strong></span> <span class='ocrx_word' id='word_1_36' title='bbox 944 861 1155 948; x_wconf 83' lang='lat' dir='ltr'><strong>promittitur,</strong></span> 
     </span>
     <span class='ocr_line' id='line_1_7' title="bbox 164 960 1155 1050; baseline -0.004 -23"><span class='ocrx_word' id='word_1_37' title='bbox 164 961 279 1050; x_wconf 88' lang='lat' dir='ltr'><strong>quiin</strong></span> <span class='ocrx_word' id='word_1_38' title='bbox 302 960 384 1043; x_wconf 90' lang='lat' dir='ltr'><strong>hoc,</strong></span> <span class='ocrx_word' id='word_1_39' title='bbox 420 961 509 1048; x_wconf 86' lang='lat' dir='ltr'><strong>quod</strong></span> <span class='ocrx_word' id='word_1_40' title='bbox 526 963 597 1050; x_wconf 89' lang='lat' dir='ltr'><strong>jam</strong></span> <span class='ocrx_word' id='word_1_41' title='bbox 619 961 776 1046; x_wconf 85' lang='lat' dir='ltr'><strong>obtinuit,</strong></span> <span class='ocrx_word' id='word_1_42' title='bbox 810 962 952 1050; x_wconf 80' lang='lat' dir='ltr'><strong>torporis</strong></span> <span class='ocrx_word' id='word_1_43' title='bbox 979 961 1061 1028; x_wconf 85' lang='lat' dir='ltr'><strong>vitio</strong></span> <span class='ocrx_word' id='word_1_44' title='bbox 1092 981 1155 1026; x_wconf 90' lang='lat' dir='ltr'><strong>non</strong></span> 
     </span>
     <span class='ocr_line' id='line_1_8' title="bbox 163 1057 1154 1147; baseline -0.003 -19"><span class='ocrx_word' id='word_1_45' title='bbox 163 1071 307 1128; x_wconf 90' lang='lat' dir='ltr'><strong>tenetur.</strong></span> <span class='ocrx_word' id='word_1_46' title='bbox 350 1061 409 1128; x_wconf 88' lang='lat' dir='ltr'><strong>Ait</strong></span> <span class='ocrx_word' id='word_1_47' title='bbox 430 1083 590 1147; x_wconf 88' lang='lat' dir='ltr'><strong>namque:</strong></span> <span class='ocrx_word' id='word_1_48' title='bbox 612 1062 781 1144; x_wconf 87' lang='lat' dir='ltr'><strong>Anima,</strong></span> <span class='ocrx_word' id='word_1_49' title='bbox 806 1082 911 1147; x_wconf 88' lang='lat' dir='ltr'><strong>quae</strong></span> <span class='ocrx_word' id='word_1_50' title='bbox 931 1057 1154 1140; x_wconf 81' lang='lat' dir='ltr'><strong>benedicit,</strong></span> 
     </span>
     <span class='ocr_line' id='line_1_9' title="bbox 163 1159 1154 1252; baseline 0 -28"><span class='ocrx_word' id='word_1_51' title='bbox 163 1160 521 1252; x_wconf 81' lang='lat' dir='ltr'><strong>impinguabitur3</strong></span> <span class='ocrx_word' id='word_1_52' title='bbox 551 1171 591 1228; x_wconf 88' lang='lat' dir='ltr'><strong>ct</strong></span> <span class='ocrx_word' id='word_1_53' title='bbox 613 1163 682 1248; x_wconf 88' lang='lat' dir='ltr'><strong>qui</strong></span> <span class='ocrx_word' id='word_1_54' title='bbox 705 1159 915 1242; x_wconf 87' lang='lat' dir='ltr'><strong>inebriat,</strong></span> <span class='ocrx_word' id='word_1_55' title='bbox 946 1162 1039 1246; x_wconf 90' lang='lat' dir='ltr'><strong>ipse</strong></span> <span class='ocrx_word' id='word_1_56' title='bbox 1062 1181 1154 1247; x_wconf 87' lang='lat' dir='ltr'><strong>quo·</strong></span> 
     </span>
    </p>
   </div>
   <div class='ocr_carea' id='block_1_3' title="bbox 160 1258 1214 1546">
    <p class='ocr_par' dir='ltr' id='par_1_3' title="bbox 160 1258 1214 1546">
     <span class='ocr_line' id='line_1_10' title="bbox 163 1258 1214 1347; baseline -0.003 -22"><span class='ocrx_word' id='word_1_57' title='bbox 163 1281 243 1347; x_wconf 89' lang='lat' dir='ltr'><strong>que</strong></span> <span class='ocrx_word' id='word_1_58' title='bbox 275 1258 590 1325; x_wconf 83' lang='lat' dir='ltr'><strong>inebriabitur.</strong></span> <span class='ocrx_word' id='word_1_59' title='bbox 609 1263 635 1345; x_wconf 77' lang='lat'><strong>²)</strong></span> <span class='ocrx_word' id='word_1_60' title='bbox 679 1259 746 1341; x_wconf 78' lang='lat' dir='ltr'><strong>Qui</strong></span> <span class='ocrx_word' id='word_1_61' title='bbox 768 1261 857 1325; x_wconf 87' lang='lat' dir='ltr'><strong>enim</strong></span> <span class='ocrx_word' id='word_1_62' title='bbox 887 1259 1037 1324; x_wconf 83' lang='lat' dir='ltr'><strong>exterius</strong></span> <span class='ocrx_word' id='word_1_63' title='bbox 1058 1280 1154 1346; x_wconf 89' lang='lat' dir='ltr'><strong>prae·</strong></span> <span class='ocrx_word' id='word_1_64' title='bbox 1213 1299 1214 1322; x_wconf 53' lang='lat' dir='ltr'><strong>r</strong></span> 
     </span>
     <span class='ocr_line' id='line_1_11' title="bbox 161 1353 1214 1444; baseline -0.005 -18"><span class='ocrx_word' id='word_1_65' title='bbox 161 1356 304 1427; x_wconf 91' lang='lat' dir='ltr'><strong>dicando</strong></span> <span class='ocrx_word' id='word_1_66' title='bbox 328 1355 513 1440; x_wconf 84' lang='lat' dir='ltr'><strong>benedicit,</strong></span> <span class='ocrx_word' id='word_1_67' title='bbox 536 1359 705 1425; x_wconf 90' lang='lat' dir='ltr'><strong>interioris</strong></span> <span class='ocrx_word' id='word_1_68' title='bbox 727 1359 898 1444; x_wconf 82' lang='lat' dir='ltr'><strong>augmenti</strong></span> <span class='ocrx_word' id='word_1_69' title='bbox 921 1353 1155 1443; x_wconf 84' lang='lat' dir='ltr'><strong>pinguedinem</strong></span> <span class='ocrx_word' id='word_1_70' title='bbox 1213 1391 1214 1414; x_wconf 57' lang='lat' dir='ltr'><strong>r</strong></span> 
     </span>
     <span class='ocr_line' id='line_1_12' title="bbox 160 1456 1214 1546; baseline -0.005 -21"><span class='ocrx_word' id='word_1_71' title='bbox 160 1457 298 1544; x_wconf 82' lang='lat' dir='ltr'><strong>recipit3</strong></span> <span class='ocrx_word' id='word_1_72' title='bbox 330 1465 363 1520; x_wconf 92' lang='lat' dir='ltr'><strong>et</strong></span> <span class='ocrx_word' id='word_1_73' title='bbox 391 1456 468 1521; x_wconf 90' lang='lat' dir='ltr'><strong>dum</strong></span> <span class='ocrx_word' id='word_1_74' title='bbox 495 1457 571 1523; x_wconf 90' lang='lat' dir='ltr'><strong>vino</strong></span> <span class='ocrx_word' id='word_1_75' title='bbox 600 1457 725 1546; x_wconf 90' lang='lat' dir='ltr'><strong>eloquii</strong></span> <span class='ocrx_word' id='word_1_76' title='bbox 746 1456 773 1546; x_wconf 79' lang='lat'><strong>³)</strong></span> <span class='ocrx_word' id='word_1_77' title='bbox 803 1457 991 1524; x_wconf 87' lang='lat' dir='ltr'><strong>auditorum</strong></span> <span class='ocrx_word' id='word_1_78' title='bbox 1012 1467 1153 1522; x_wconf 90' lang='lat' dir='ltr'><strong>mentem</strong></span> <span class='ocrx_word' id='word_1_79' title='bbox 1213 1473 1214 1476; x_wconf 73' lang='grc'>’</span> 
     </span>
    </p>
   </div>
   <div class='ocr_carea' id='block_1_4' title="bbox 162 1552 1154 1646">
    <p class='ocr_par' dir='ltr' id='par_1_4' title="bbox 162 1552 1154 1646">
     <span class='ocr_line' id='line_1_13' title="bbox 162 1552 1154 1646; baseline -0.002 -24"><span class='ocrx_word' id='word_1_80' title='bbox 162 1554 319 1622; x_wconf 81' lang='lat' dir='ltr'><strong>debriare</strong></span> <span class='ocrx_word' id='word_1_81' title='bbox 331 1552 538 1638; x_wconf 88' lang='lat' dir='ltr'><strong>nondesinit,</strong></span> <span class='ocrx_word' id='word_1_82' title='bbox 555 1565 635 1643; x_wconf 89' lang='lat' dir='ltr'><strong>potu</strong></span> <span class='ocrx_word' id='word_1_83' title='bbox 646 1556 859 1646; x_wconf 87' lang='lat' dir='ltr'><strong>multiplicati</strong></span> <span class='ocrx_word' id='word_1_84' title='bbox 867 1554 1154 1623; x_wconf 89' lang='lat' dir='ltr'><strong>munerisdebria·</strong></span> 
     </span>
    </p>
   </div>
   <div class='ocr_carea' id='block_1_5' title="bbox 162 1651 1214 1744">
    <p class='ocr_par' dir='ltr' id='par_1_5' title="bbox 162 1651 1214 1744">
     <span class='ocr_line' id='line_1_14' title="bbox 162 1651 1214 1744; baseline -0.002 -22"><span class='ocrx_word' id='word_1_85' title='bbox 162 1665 217 1722; x_wconf 90' lang='lat' dir='ltr'><strong>tus</strong></span> <span class='ocrx_word' id='word_1_86' title='bbox 248 1654 419 1720; x_wconf 86' lang='lat' dir='ltr'><strong>excrescit.</strong></span> <span class='ocrx_word' id='word_1_87' title='bbox 462 1654 629 1738; x_wconf 88' lang='lat' dir='ltr'><strong>Audiaut,</strong></span> <span class='ocrx_word' id='word_1_88' title='bbox 662 1656 750 1744; x_wconf 88' lang='lat' dir='ltr'><strong>quod</strong></span> <span class='ocrx_word' id='word_1_89' title='bbox 780 1656 894 1724; x_wconf 91' lang='lat' dir='ltr'><strong>David</strong></span> <span class='ocrx_word' id='word_1_90' title='bbox 927 1655 988 1722; x_wconf 88' lang='lat' dir='ltr'><strong>hcc</strong></span> <span class='ocrx_word' id='word_1_91' title='bbox 1017 1654 1093 1721; x_wconf 91' lang='lat' dir='ltr'><strong>Deo</strong></span> <span class='ocrx_word' id='word_1_92' title='bbox 1123 1657 1153 1720; x_wconf 89' lang='lat' dir='ltr'><strong>in</strong></span> <span class='ocrx_word' id='word_1_93' title='bbox 1213 1651 1214 1658; x_wconf 54' lang='lat'><em>&#39;</em></span> 
     </span>
    </p>
   </div>
   <div class='ocr_carea' id='block_1_6' title="bbox 93 1752 1156 2734">
    <p class='ocr_par' dir='ltr' id='par_1_6' title="bbox 93 1752 1156 2734">
     <span class='ocr_line' id='line_1_15' title="bbox 162 1752 1153 1842; baseline -0.001 -22"><span class='ocrx_word' id='word_1_94' title='bbox 162 1775 299 1820; x_wconf 88' lang='lat' dir='ltr'><strong>munere</strong></span> <span class='ocrx_word' id='word_1_95' title='bbox 321 1753 460 1837; x_wconf 89' lang='lat' dir='ltr'><strong>obtulit,</strong></span> <span class='ocrx_word' id='word_1_96' title='bbox 484 1752 574 1841; x_wconf 91' lang='lat' dir='ltr'><strong>quod</strong></span> <span class='ocrx_word' id='word_1_97' title='bbox 595 1755 855 1842; x_wconf 80' lang='lat' dir='ltr'><strong>praedicationis</strong></span> <span class='ocrx_word' id='word_1_98' title='bbox 876 1757 1030 1842; x_wconf 88' lang='lat' dir='ltr'><strong>gratiam,</strong></span> <span class='ocrx_word' id='word_1_99' title='bbox 1056 1775 1153 1840; x_wconf 85' lang='lat' dir='ltr'><strong>quam</strong></span> 
     </span>
     <span class='ocr_line' id='line_1_16' title="bbox 162 1852 1154 1940; baseline 0 -22"><span class='ocrx_word' id='word_1_100' title='bbox 162 1862 357 1940; x_wconf 89' lang='lat' dir='ltr'><strong>acceperat,</strong></span> <span class='ocrx_word' id='word_1_101' title='bbox 401 1876 467 1920; x_wconf 90' lang='lat' dir='ltr'><strong>non</strong></span> <span class='ocrx_word' id='word_1_102' title='bbox 506 1852 679 1922; x_wconf 84' lang='lat' dir='ltr'><strong>abscondit</strong></span> <span class='ocrx_word' id='word_1_103' title='bbox 710 1854 843 1922; x_wconf 86' lang='lat' dir='ltr'><strong>dicens:</strong></span> <span class='ocrx_word' id='word_1_104' title='bbox 892 1856 998 1920; x_wconf 87' lang='lat' dir='ltr'><strong>Ecce</strong></span> <span class='ocrx_word' id='word_1_105' title='bbox 1038 1853 1154 1920; x_wconf 88' lang='lat' dir='ltr'><strong>labis</strong></span> 
     </span>
     <span class='ocr_line' id='line_1_17' title="bbox 93 1952 1153 2039; baseline 0.003 -23"><span class='ocrx_word' id='word_1_106' title='bbox 93 1965 95 1970; x_wconf 87' lang='grc'><strong>’</strong></span> <span class='ocrx_word' id='word_1_107' title='bbox 162 1973 252 2016; x_wconf 90' lang='lat' dir='ltr'><strong>mea</strong></span> <span class='ocrx_word' id='word_1_108' title='bbox 284 1975 363 2017; x_wconf 89' lang='lat' dir='ltr'><strong>non</strong></span> <span class='ocrx_word' id='word_1_109' title='bbox 397 1952 659 2039; x_wconf 90' lang='lat' dir='ltr'><strong>prohibebo,</strong></span> <span class='ocrx_word' id='word_1_110' title='bbox 693 1954 890 2035; x_wconf 88' lang='lat' dir='ltr'><strong>Domine,</strong></span> <span class='ocrx_word' id='word_1_111' title='bbox 923 1967 968 2019; x_wconf 88' lang='lat' dir='ltr'><strong>tu</strong></span> <span class='ocrx_word' id='word_1_112' title='bbox 1001 1974 1153 2038; x_wconf 87' lang='lat' dir='ltr'><strong>cogno·</strong></span> 
     </span>
     <span class='ocr_line' id='line_1_18' title="bbox 161 2050 1154 2140; baseline -0.005 -21"><span class='ocrx_word' id='word_1_113' title='bbox 161 2052 279 2136; x_wconf 79' lang='lat' dir='ltr'><strong>visti3</strong></span> <span class='ocrx_word' id='word_1_114' title='bbox 296 2054 513 2140; x_wconf 89' lang='lat' dir='ltr'><strong>justitiam</strong></span> <span class='ocrx_word' id='word_1_115' title='bbox 535 2063 647 2120; x_wconf 89' lang='lat' dir='ltr'><strong>tuam</strong></span> <span class='ocrx_word' id='word_1_116' title='bbox 668 2077 748 2120; x_wconf 89' lang='lat' dir='ltr'><strong>non</strong></span> <span class='ocrx_word' id='word_1_117' title='bbox 766 2050 1154 2120; x_wconf 88' lang='lat' dir='ltr'><strong>abscondiincordc</strong></span> 
     </span>
     <span class='ocr_line' id='line_1_19' title="bbox 162 2151 1154 2224; baseline -0.003 -7"><span class='ocrx_word' id='word_1_118' title='bbox 162 2173 264 2218; x_wconf 87' lang='lat' dir='ltr'><strong>meo:</strong></span> <span class='ocrx_word' id='word_1_119' title='bbox 303 2155 539 2218; x_wconf 88' lang='lat' dir='ltr'><strong>veritatem</strong></span> <span class='ocrx_word' id='word_1_120' title='bbox 576 2167 687 2220; x_wconf 89' lang='lat' dir='ltr'><strong>tuam</strong></span> <span class='ocrx_word' id='word_1_121' title='bbox 724 2163 763 2218; x_wconf 92' lang='lat' dir='ltr'><strong>et</strong></span> <span class='ocrx_word' id='word_1_122' title='bbox 802 2151 1003 2224; x_wconf 87' lang='lat' dir='ltr'><strong>salutare</strong></span> <span class='ocrx_word' id='word_1_123' title='bbox 1040 2159 1154 2216; x_wconf 91' lang='lat' dir='ltr'><strong>tuum</strong></span> 
     </span>
     <span class='ocr_line' id='line_1_20' title="bbox 163 2249 1155 2340; baseline -0.003 -23"><span class='ocrx_word' id='word_1_124' title='bbox 163 2250 265 2317; x_wconf 85' lang='lat' dir='ltr'><strong>dixi.</strong></span> <span class='ocrx_word' id='word_1_125' title='bbox 285 2251 313 2336; x_wconf 78' lang='lat'><strong>¹⁸)</strong></span> <span class='ocrx_word' id='word_1_126' title='bbox 359 2249 526 2334; x_wconf 89' lang='lat' dir='ltr'><strong>Audiaut,</strong></span> <span class='ocrx_word' id='word_1_127' title='bbox 560 2251 648 2340; x_wconf 89' lang='lat' dir='ltr'><strong>quod</strong></span> <span class='ocrx_word' id='word_1_128' title='bbox 671 2253 783 2340; x_wconf 86' lang='lat' dir='ltr'><strong>sponsi</strong></span> <span class='ocrx_word' id='word_1_129' title='bbox 805 2251 970 2340; x_wconf 90' lang='lat' dir='ltr'><strong>colloquio</strong></span> <span class='ocrx_word' id='word_1_130' title='bbox 993 2249 1036 2316; x_wconf 90' lang='lat' dir='ltr'><strong>ad</strong></span> <span class='ocrx_word' id='word_1_131' title='bbox 1059 2273 1155 2338; x_wconf 90' lang='lat' dir='ltr'><strong>spon·</strong></span> 
     </span>
     <span class='ocr_line' id='line_1_21' title="bbox 163 2348 1156 2432; baseline -0.007 -14"><span class='ocrx_word' id='word_1_132' title='bbox 163 2373 234 2418; x_wconf 87' lang='lat' dir='ltr'><strong>sam</strong></span> <span class='ocrx_word' id='word_1_133' title='bbox 257 2348 390 2416; x_wconf 86' lang='lat' dir='ltr'><strong>dicitur:</strong></span> <span class='ocrx_word' id='word_1_134' title='bbox 423 2349 541 2430; x_wconf 79' lang='lat' dir='ltr'><strong>Quae</strong></span> <span class='ocrx_word' id='word_1_135' title='bbox 562 2350 739 2416; x_wconf 88' lang='lat' dir='ltr'><strong>habitas</strong></span> <span class='ocrx_word' id='word_1_136' title='bbox 771 2353 813 2416; x_wconf 90' lang='lat' dir='ltr'><strong>in</strong></span> <span class='ocrx_word' id='word_1_137' title='bbox 835 2349 995 2432; x_wconf 88' lang='lat' dir='ltr'><strong>hortis,</strong></span> <span class='ocrx_word' id='word_1_138' title='bbox 1027 2349 1156 2414; x_wconf 88' lang='lat' dir='ltr'><strong>amici</strong></span> 
     </span>
     <span class='ocr_line' id='line_1_22' title="bbox 161 2445 1155 2531; baseline -0.008 -12"><span class='ocrx_word' id='word_1_139' title='bbox 161 2450 430 2519; x_wconf 86' lang='lat' dir='ltr'><strong>auscultant:</strong></span> <span class='ocrx_word' id='word_1_140' title='bbox 461 2451 526 2516; x_wconf 89' lang='lat' dir='ltr'><strong>fac</strong></span> <span class='ocrx_word' id='word_1_141' title='bbox 558 2473 617 2514; x_wconf 90' lang='lat' dir='ltr'><strong>me</strong></span> <span class='ocrx_word' id='word_1_142' title='bbox 650 2451 798 2516; x_wconf 89' lang='lat' dir='ltr'><strong>audire</strong></span> <span class='ocrx_word' id='word_1_143' title='bbox 828 2472 966 2516; x_wconf 89' lang='lat' dir='ltr'><strong>vocem</strong></span> <span class='ocrx_word' id='word_1_144' title='bbox 987 2461 1108 2516; x_wconf 89' lang='lat' dir='ltr'><strong>tuam.</strong></span> <span class='ocrx_word' id='word_1_145' title='bbox 1131 2445 1155 2531; x_wconf 80' lang='lat'><strong>⁵)</strong></span> 
     </span>
     <span class='ocr_line' id='line_1_23' title="bbox 161 2545 1155 2637; baseline -0.008 -21"><span class='ocrx_word' id='word_1_146' title='bbox 161 2549 317 2616; x_wconf 84' lang='lat' dir='ltr'><strong>Ecclesia</strong></span> <span class='ocrx_word' id='word_1_147' title='bbox 346 2549 470 2637; x_wconf 76' lang='lat' dir='ltr'><strong>quippe</strong></span> <span class='ocrx_word' id='word_1_148' title='bbox 493 2550 526 2614; x_wconf 92' lang='lat' dir='ltr'><strong>in</strong></span> <span class='ocrx_word' id='word_1_149' title='bbox 550 2548 654 2616; x_wconf 86' lang='lat' dir='ltr'><strong>bortis</strong></span> <span class='ocrx_word' id='word_1_150' title='bbox 676 2545 824 2630; x_wconf 87' lang='lat' dir='ltr'><strong>habitat,</strong></span> <span class='ocrx_word' id='word_1_151' title='bbox 857 2569 943 2635; x_wconf 86' lang='lat' dir='ltr'><strong>quae</strong></span> <span class='ocrx_word' id='word_1_152' title='bbox 975 2546 1018 2611; x_wconf 91' lang='lat' dir='ltr'><strong>ad</strong></span> <span class='ocrx_word' id='word_1_153' title='bbox 1040 2545 1155 2612; x_wconf 86' lang='lat' dir='ltr'><strong>viridi-</strong></span> 
     </span>
     <span class='ocr_line' id='line_1_24' title="bbox 162 2646 1154 2734; baseline -0.009 -18"><span class='ocrx_word' id='word_1_154' title='bbox 162 2659 265 2716; x_wconf 86' lang='lat' dir='ltr'><strong>tatem</strong></span> <span class='ocrx_word' id='word_1_155' title='bbox 296 2649 444 2713; x_wconf 88' lang='lat' dir='ltr'><strong>iutimam</strong></span> <span class='ocrx_word' id='word_1_156' title='bbox 478 2647 614 2713; x_wconf 86' lang='lat' dir='ltr'><strong>exculta</strong></span> <span class='ocrx_word' id='word_1_157' title='bbox 644 2646 815 2734; x_wconf 85' lang='lat' dir='ltr'><strong>plantaria</strong></span> <span class='ocrx_word' id='word_1_158' title='bbox 844 2649 1002 2714; x_wconf 86' lang='lat' dir='ltr'><strong>virtutum</strong></span> <span class='ocrx_word' id='word_1_159' title='bbox 1034 2656 1154 2714; x_wconf 83' lang='lat' dir='ltr'><strong>servat.</strong></span> 
     </span>
    </p>
   </div>
   <div class='ocr_carea' id='block_1_7' title="bbox 162 2745 1212 2936">
    <p class='ocr_par' dir='ltr' id='par_1_7' title="bbox 162 2745 1212 2936">
     <span class='ocr_line' id='line_1_25' title="bbox 163 2745 1212 2835; baseline -0.005 -20"><span class='ocrx_word' id='word_1_160' title='bbox 163 2747 270 2835; x_wconf 80' lang='lat' dir='ltr'><strong>Cujus</strong></span> <span class='ocrx_word' id='word_1_161' title='bbox 286 2769 400 2812; x_wconf 89' lang='lat' dir='ltr'><strong>vocem</strong></span> <span class='ocrx_word' id='word_1_162' title='bbox 417 2748 538 2814; x_wconf 88' lang='lat' dir='ltr'><strong>amicos</strong></span> <span class='ocrx_word' id='word_1_163' title='bbox 560 2745 763 2829; x_wconf 87' lang='lat' dir='ltr'><strong>auscultare,</strong></span> <span class='ocrx_word' id='word_1_164' title='bbox 789 2755 840 2811; x_wconf 88' lang='lat' dir='ltr'><strong>est</strong></span> <span class='ocrx_word' id='word_1_165' title='bbox 862 2745 983 2811; x_wconf 91' lang='lat' dir='ltr'><strong>electos</strong></span> <span class='ocrx_word' id='word_1_166' title='bbox 1006 2767 1155 2833; x_wconf 87' lang='lat' dir='ltr'><strong>quosque</strong></span> <span class='ocrx_word' id='word_1_167' title='bbox 1211 2819 1212 2834; x_wconf 11' lang='grc' dir='ltr'>ἶ</span> 
     </span>
     <span class='ocr_line' id='line_1_26' title="bbox 162 2839 1212 2936; baseline -0.005 -20"><span class='ocrx_word' id='word_1_168' title='bbox 162 2847 305 2916; x_wconf 82' lang='lat' dir='ltr'><strong>verbum</strong></span> <span class='ocrx_word' id='word_1_169' title='bbox 333 2845 596 2936; x_wconf 85' lang='lat' dir='ltr'><strong>praedicationis</strong></span> <span class='ocrx_word' id='word_1_170' title='bbox 625 2845 715 2910; x_wconf 89' lang='lat' dir='ltr'><strong>illius</strong></span> <span class='ocrx_word' id='word_1_171' title='bbox 745 2843 955 2928; x_wconf 87' lang='lat' dir='ltr'><strong>desiderare;</strong></span> <span class='ocrx_word' id='word_1_172' title='bbox 986 2867 1087 2934; x_wconf 89' lang='lat' dir='ltr'><strong>quam</strong></span> <span class='ocrx_word' id='word_1_173' title='bbox 1110 2845 1154 2912; x_wconf 85' lang='lat' dir='ltr'><strong>vi-</strong></span> <span class='ocrx_word' id='word_1_174' title='bbox 1211 2839 1212 2862; x_wconf 48' lang='lat' dir='ltr'><strong>l</strong></span> 
     </span>
    </p>
   </div>
   <div class='ocr_carea' id='block_1_8' title="bbox 162 2943 1156 3235">
    <p class='ocr_par' dir='ltr' id='par_1_8' title="bbox 162 2943 1156 3235">
     <span class='ocr_line' id='line_1_27' title="bbox 163 2943 1156 3034; baseline -0.005 -21"><span class='ocrx_word' id='word_1_175' title='bbox 163 2947 285 3014; x_wconf 88' lang='lat' dir='ltr'><strong>delicet</strong></span> <span class='ocrx_word' id='word_1_176' title='bbox 314 2967 425 3012; x_wconf 81' lang='lat' dir='ltr'><strong>vocem</strong></span> <span class='ocrx_word' id='word_1_177' title='bbox 458 2969 598 3034; x_wconf 88' lang='lat' dir='ltr'><strong>sponsus</strong></span> <span class='ocrx_word' id='word_1_178' title='bbox 626 2943 744 3010; x_wconf 87' lang='lat' dir='ltr'><strong>audire</strong></span> <span class='ocrx_word' id='word_1_179' title='bbox 778 2944 965 3029; x_wconf 86' lang='lat' dir='ltr'><strong>desiderat,</strong></span> <span class='ocrx_word' id='word_1_180' title='bbox 1001 2947 1082 3034; x_wconf 89' lang='lat' dir='ltr'><strong>quia</strong></span> <span class='ocrx_word' id='word_1_181' title='bbox 1115 2943 1156 3009; x_wconf 88' lang='lat' dir='ltr'><strong>sd</strong></span> 
     </span>
     <span class='ocr_line' id='line_1_28' title="bbox 162 3043 1155 3136; baseline -0.004 -24"><span class='ocrx_word' id='word_1_182' title='bbox 162 3047 443 3136; x_wconf 87' lang='lat' dir='ltr'><strong>praedicationem</strong></span> <span class='ocrx_word' id='word_1_183' title='bbox 473 3047 547 3133; x_wconf 90' lang='lat' dir='ltr'><strong>ejus</strong></span> <span class='ocrx_word' id='word_1_184' title='bbox 575 3068 635 3134; x_wconf 91' lang='lat' dir='ltr'><strong>per</strong></span> <span class='ocrx_word' id='word_1_185' title='bbox 662 3043 841 3112; x_wconf 89' lang='lat' dir='ltr'><strong>electorum</strong></span> <span class='ocrx_word' id='word_1_186' title='bbox 871 3066 1005 3111; x_wconf 89' lang='lat' dir='ltr'><strong>suorum</strong></span> <span class='ocrx_word' id='word_1_187' title='bbox 1026 3045 1155 3112; x_wconf 86' lang='lat' dir='ltr'><strong>animas</strong></span> 
     </span>
     <span class='ocr_line' id='line_1_29' title="bbox 163 3143 1155 3235; baseline -0.004 -23"><span class='ocrx_word' id='word_1_188' title='bbox 163 3145 311 3212; x_wconf 87' lang='lat' dir='ltr'><strong>anhelat.</strong></span> <span class='ocrx_word' id='word_1_189' title='bbox 353 3146 519 3228; x_wconf 89' lang='lat' dir='ltr'><strong>Audiaut,</strong></span> <span class='ocrx_word' id='word_1_190' title='bbox 553 3145 641 3233; x_wconf 91' lang='lat' dir='ltr'><strong>quod</strong></span> <span class='ocrx_word' id='word_1_191' title='bbox 668 3143 825 3235; x_wconf 84' lang='lat' dir='ltr'><strong>Moyses,</strong></span> <span class='ocrx_word' id='word_1_192' title='bbox 855 3163 928 3209; x_wconf 82' lang='lat' dir='ltr'><strong>cum</strong></span> <span class='ocrx_word' id='word_1_193' title='bbox 956 3145 1155 3210; x_wconf 84' lang='lat' dir='ltr'><strong>irascentem</strong></span> 
     </span>
    </p>
   </div>
   <div class='ocr_carea' id='block_1_9' title="bbox 163 3238 1211 3332">
    <p class='ocr_par' dir='ltr' id='par_1_9' title="bbox 163 3238 1211 3332">
     <span class='ocr_line' id='line_1_30' title="bbox 163 3238 1211 3332; baseline -0.004 -22"><span class='ocrx_word' id='word_1_194' title='bbox 163 3243 273 3310; x_wconf 90' lang='lat' dir='ltr'><strong>Deum</strong></span> <span class='ocrx_word' id='word_1_195' title='bbox 301 3245 425 3332; x_wconf 88' lang='lat' dir='ltr'><strong>populo</strong></span> <span class='ocrx_word' id='word_1_196' title='bbox 455 3253 621 3327; x_wconf 87' lang='lat' dir='ltr'><strong>cerneret,</strong></span> <span class='ocrx_word' id='word_1_197' title='bbox 656 3255 690 3310; x_wconf 89' lang='lat' dir='ltr'><strong>et</strong></span> <span class='ocrx_word' id='word_1_198' title='bbox 717 3243 842 3312; x_wconf 86' lang='lat' dir='ltr'><strong>assumi</strong></span> <span class='ocrx_word' id='word_1_199' title='bbox 864 3241 908 3308; x_wconf 94' lang='lat' dir='ltr'><strong>ad</strong></span> <span class='ocrx_word' id='word_1_200' title='bbox 930 3238 1155 3308; x_wconf 87' lang='lat' dir='ltr'><strong>ulciscendum</strong></span> <span class='ocrx_word' id='word_1_201' title='bbox 1210 3273 1211 3328; x_wconf 65' lang='lat'><em>3</em></span> 
     </span>
    </p>
   </div>
   <div class='ocr_carea' id='block_1_10' title="bbox 163 3335 1154 3431">
    <p class='ocr_par' dir='ltr' id='par_1_10' title="bbox 163 3335 1154 3431">
     <span class='ocr_line' id='line_1_31' title="bbox 163 3335 1154 3431; baseline -0.001 -24"><span class='ocrx_word' id='word_1_202' title='bbox 163 3341 296 3430; x_wconf 79' lang='lat' dir='ltr'><strong>gladios</strong></span> <span class='ocrx_word' id='word_1_203' title='bbox 319 3335 472 3431; x_wconf 71' lang='lat' dir='ltr'><strong>juberet}</strong></span> <span class='ocrx_word' id='word_1_204' title='bbox 495 3339 572 3408; x_wconf 91' lang='lat' dir='ltr'><strong>illos</strong></span> <span class='ocrx_word' id='word_1_205' title='bbox 600 3352 740 3430; x_wconf 80' lang='lat' dir='ltr'><strong>aparte</strong></span> <span class='ocrx_word' id='word_1_206' title='bbox 764 3341 832 3408; x_wconf 83' lang='lat' dir='ltr'><strong>Dei</strong></span> <span class='ocrx_word' id='word_1_207' title='bbox 854 3339 1069 3408; x_wconf 84' lang='lat' dir='ltr'><strong>denuntiavit</strong></span> <span class='ocrx_word' id='word_1_208' title='bbox 1088 3339 1154 3407; x_wconf 84' lang='lat' dir='ltr'><strong>exi·</strong></span> 
     </span>
    </p>
   </div>
   <div class='ocr_carea' id='block_1_11' title="bbox 199 3584 1155 3826">
    <p class='ocr_par' dir='ltr' id='par_1_11' title="bbox 199 3584 1155 3826">
     <span class='ocr_line' id='line_1_32' title="bbox 199 3584 1154 3656; baseline -0.004 -14"><span class='ocrx_word' id='word_1_209' title='bbox 199 3591 218 3652; x_wconf 82' lang='lat'><strong>⁸)</strong></span> <span class='ocrx_word' id='word_1_210' title='bbox 238 3589 303 3642; x_wconf 83' lang='lat' dir='ltr'><strong>isai.</strong></span> <span class='ocrx_word' id='word_1_211' title='bbox 320 3589 344 3653; x_wconf 84' lang='lat'><strong>6,</strong></span> <span class='ocrx_word' id='word_1_212' title='bbox 363 3589 388 3642; x_wconf 82' lang='grc'><strong>5.</strong></span> <span class='ocrx_word' id='word_1_213' title='bbox 406 3615 441 3626; x_wconf 90' lang='lat'>-</span> <span class='ocrx_word' id='word_1_214' title='bbox 468 3585 491 3655; x_wconf 80' lang='lat'><strong>¹)</strong></span> <span class='ocrx_word' id='word_1_215' title='bbox 509 3587 587 3640; x_wconf 76' lang='lat' dir='ltr'><strong>Pror-</strong></span> <span class='ocrx_word' id='word_1_216' title='bbox 605 3587 653 3656; x_wconf 84' lang='lat'><strong>11,</strong></span> <span class='ocrx_word' id='word_1_217' title='bbox 670 3589 714 3644; x_wconf 79' lang='lat'><strong>25.</strong></span> <span class='ocrx_word' id='word_1_218' title='bbox 733 3614 763 3626; x_wconf 92' lang='lat'>-</span> <span class='ocrx_word' id='word_1_219' title='bbox 795 3584 898 3651; x_wconf 76' lang='lat' dir='ltr'><strong>&#39;tulit</strong></span> <span class='ocrx_word' id='word_1_220' title='bbox 916 3585 976 3639; x_wconf 84' lang='lat' dir='ltr'><strong>dum</strong></span> <span class='ocrx_word' id='word_1_221' title='bbox 994 3586 1083 3640; x_wconf 80' lang='lat' dir='ltr'><strong>divino</strong></span> <span class='ocrx_word' id='word_1_222' title='bbox 1100 3586 1154 3640; x_wconf 83' lang='lat' dir='ltr'><strong>eio-</strong></span> 
     </span>
     <span class='ocr_line' id='line_1_33' title="bbox 232 3669 1155 3814; baseline -0.005 -86"><span class='ocrx_word' id='word_1_223' title='bbox 232 3671 432 3814; x_wconf 55' lang='lat' dir='ltr'><strong>guipgdsbrisrs</strong></span> <span class='ocrx_word' id='word_1_224' title='bbox 449 3671 589 3728; x_wconf 79' lang='lat' dir='ltr'><strong>debriatus.</strong></span> <span class='ocrx_word' id='word_1_225' title='bbox 608 3687 638 3712; x_wconf 67' lang='lat'>-&#39;-·</span> <span class='ocrx_word' id='word_1_226' title='bbox 676 3669 762 3738; x_wconf 72' lang='lat' dir='ltr'><strong>‘tra</strong></span> <span class='ocrx_word' id='word_1_227' title='bbox 779 3671 828 3740; x_wconf 80' lang='lat'><strong>³9,</strong></span> <span class='ocrx_word' id='word_1_228' title='bbox 854 3671 1007 3728; x_wconf 69' lang='grc'><strong>11111-</strong></span> <span class='ocrx_word' id='word_1_229' title='bbox 1045 3669 1155 3736; x_wconf 63' lang='lat' dir='ltr'><strong>boant.</strong></span> 
     </span>
     <span class='ocr_line' id='line_1_34' title="bbox 257 3793 910 3826; baseline -0.003 -26"><span class='ocrx_word' id='word_1_230' title='bbox 257 3795 265 3826; x_wconf 62' lang='lat'>‚</span> <span class='ocrx_word' id='word_1_231' title='bbox 318 3797 326 3811; x_wconf 78' lang='grc'><strong>,</strong></span> <span class='ocrx_word' id='word_1_232' title='bbox 908 3793 910 3798; x_wconf 89' lang='grc'><em>,</em></span> 
     </span>
    </p>
   </div>
   <div class='ocr_carea' id='block_1_12' title="bbox 0 0 1236 4220">
    <p class='ocr_par' dir='ltr' id='par_1_12' title="bbox 0 0 1236 4220">
     <span class='ocr_line' id='line_1_35' title="bbox 0 0 1236 4220; baseline 0 0"><span class='ocrx_word' id='word_1_233' title='bbox 0 0 1236 4220; x_wconf 95' lang='lat' dir='ltr'><strong> </strong></span> 
     </span>
    </p>
   </div>
  </div>
 </body>
</html>
