2486 4222
475 319 516 331 -
557 281 596 350 31
641 311 681 336 -..

423 461 620 532 OAPUT
653 465 717 531 III.

121 602 165 654 Ut
187 603 302 654 rector
329 615 464 670 semper
486 601 536 653 sit
558 601 772 670 operatione
798 600 1032 669 proecipuus.

134 736 188 802 Sit
208 736 331 802 Rector
353 737 546 822 operatione
567 738 789 823 praecipuus,
812 747 850 802 ut
870 736 961 802 vitoe
980 736 1069 801 viem

66 835 215 904 subditis
243 836 392 900 vivendo
420 833 614 918 denuntiet,
647 847 679 902 et
700 857 803 921 grex,
837 835 896 922 qui
918 834 1069 902 Pastoris

66 957 184 1003 vocem
207 955 382 1022 moresque
397 938 565 1021 sequitur,
588 959 650 1023 per
663 933 817 1024 exemplo
832 933 951 1000 melius
968 955 1069 1021 quom

67 1057 131 1124 per
152 1033 260 1100 verbe
282 1031 468 1120 gradietur.
517 1034 586 1115 Qui
609 1037 698 1102 enim
718 1035 783 1102 loci
804 1033 1068 1102 suinecessitute

66 1136 219 1221 exigitur
241 1156 368 1200 summu
390 1133 517 1216 dicere,
541 1135 605 1200 hnc
626 1132 744 1200 eedem
766 1133 964 1200 necessitate
982 1155 1067 1201 com·

67 1233 206 1322 pellitur
231 1255 357 1300 summe
379 1245 573 1300 monstrare.
617 1233 682 1299 Ille
703 1255 847 1320 namque
872 1255 940 1298 vox
961 1231 1066 1298 liben·
1145 1293 1154 1312 ‚

66 1335 136 1399 tius
173 1333 364 1399 auditorum
396 1355 453 1399 cor
483 1343 655 1420 penetret,
690 1355 791 1420 qnam
823 1332 964 1398 dicentis
997 1332 1068 1398 vite

67 1431 291 1498 commendat:
329 1435 408 1519 quia
438 1433 528 1521 quod
556 1433 723 1521 loquendo
758 1434 919 1519 imperet,
959 1442 1067 1498 osten·

69 1531 181 1598 dendo
204 1532 360 1619 adjuvat,
393 1542 431 1598 ut
451 1535 520 1600 fist.
563 1534 652 1600 Hinc
673 1535 762 1599 enim
783 1555 843 1621 per
866 1531 1069 1619 Prophetem

68 1631 207 1697 dicitur:
230 1631 364 1717 Super
385 1642 560 1699 montem
577 1633 794 1700 excelsum
814 1630 993 1698 ascende
1015 1639 1068 1710 tu,

67 1732 142 1818 qui
171 1731 461 1816 evangelizas
485 1731 598 1798 Sion.
618 1733 643 1819 ¹)
673 1733 720 1798 Ut
734 1731 892 1798 videlieet
915 1731 973 1817 qui
995 1751 1067 1796 coc·

66 1829 144 1895 lesti
167 1827 415 1916 praedieatione
437 1833 561 1913 utitur,
590 1831 657 1894 ima
672 1832 744 1918 jem
766 1841 971 1896 terrenorum
993 1851 1068 1915 ope·

66 1951 144 1994 rum
175 1926 356 2012 deserens,
397 1933 431 1997 in
463 1951 574 1996 rerum
607 1929 749 1996 culmine
780 1941 870 1996 stare
899 1930 1067 2012 videatur,

66 2036 230 2115 tantoque
265 2027 398 2094 facilius
436 2027 589 2095 subditos
626 2029 670 2095 ad
709 2029 845 2096 meliore
880 2029 1065 2116 pertrahet,

68 2137 197 2212 quanto
220 2149 281 2212 per
302 2129 393 2194 vitae
414 2131 569 2195 meritum
591 2128 633 2193 de
649 2131 803 2218 supernis
817 2128 947 2194 clamet.
979 2127 1068 2194 Hinc

66 2225 187 2292 divina
207 2225 299 2312 Lege
321 2251 447 2294 armum
471 2227 626 2296 sacerdos
647 2230 683 2292 in
706 2228 902 2294 sacrificium
932 2235 965 2292 et
987 2224 1067 2292 dex·

66 2333 158 2390 trum
185 2326 310 2413 accipit
338 2335 372 2392 et
399 2337 607 2414 separatum,
635 2336 673 2392 ut
701 2349 767 2393 nou
798 2325 904 2392 solum
924 2327 968 2392 sit
991 2329 1065 2414 ejus

64 2427 219 2512 operatio
240 2426 352 2509 utilis,
377 2427 436 2492 sed
459 2428 558 2494 etiem
579 2426 777 2511 singularis:
806 2448 869 2494 nec
889 2427 975 2492 inter
995 2449 1065 2494 me·

66 2523 119 2589 los
139 2526 385 2608 tantummodo,
407 2547 494 2612 ques
517 2535 609 2592 rectu
631 2537 727 2610 sunt,
750 2526 872 2610 locist,
898 2526 956 2591 sed
978 2523 1064 2592 beno

66 2643 200 2709 quoque
223 2636 400 2711 operantes
421 2625 585 2709 subditos,
610 2627 696 2692 sicut
718 2626 843 2694 honore
861 2624 989 2690 ordinis
1012 2647 1064 2692 su·

64 2731 182 2810 porat,
206 2721 255 2787 its
277 2724 378 2788 stiam
398 2746 528 2792 morum
548 2727 674 2791 virtute
696 2724 920 2794 transcendat.
941 2722 968 2812 2)
998 2723 1065 2792 Oui

64 2823 99 2886 in
122 2841 182 2886 esu
205 2845 338 2909 quoque
361 2823 592 2910 pectusculum
613 2847 687 2891 cum
709 2846 799 2890 armo
814 2825 995 2907 tribuitur,
1026 2833 1064 2890 ut

64 2919 157 3010 qnod
177 2921 218 2986 de
241 2924 403 2990 sacrificio
424 2925 631 3012 praecipitur
647 2945 786 3010 sumere,
808 2922 928 2992 hoedo
946 2935 1062 2994 semet·

63 3023 138 3109 ipso
160 3027 290 3089 auctori
312 3023 420 3091 discet
441 3023 622 3091 immolare.
653 3024 778 3091 Etnou
793 3023 902 3092 solum
916 3034 1062 3112 pectore,

65 3143 155 3208 quse
183 3131 276 3188 recta
306 3134 401 3206 sunt,
432 3125 573 3210 cogitet,
605 3122 665 3191 sed
687 3133 893 3210 spectatores
920 3146 997 3192 suos
1019 3123 1064 3191 ed

64 3220 225 3287 sublimio
245 3241 337 3289 ormo
358 3225 470 3311 operis
490 3225 633 3306 invitet,
662 3222 756 3290 nulle
774 3243 938 3311 prospere.
965 3242 1063 3309 pree·

65 3321 269 3388 sentiscitne
281 3331 432 3410 appetet,
454 3321 548 3388 nulls
559 3321 704 3390 adverse
719 3323 942 3409 pertimescet,
965 3319 1062 3392 blett·
1159 3310 1162 3319 ¹

64 3419 213 3486 dimonte
245 3419 362 3487 mundi
396 3432 551 3508 respecto
578 3421 695 3488 intimo
730 3430 855 3490 terrore
886 3420 1063 3507 despiciet,

64 3529 210 3586 terrores
231 3529 343 3588 eutem
364 3520 573 3588 considerato
595 3522 749 3588 internae
764 3517 949 3587 dulcedinis
965 3517 1062 3588 blen-

63 3657 351 3684 w-

102 3741 121 3801 ¹)
140 3739 204 3794 Issi.
222 3739 269 3806 40,
288 3738 313 3795 9.
333 3767 362 3780 -
383 3737 404 3804 ²)
422 3739 506 3794 Esou
523 3739 571 3805 29,
589 3739 631 3796 22.
