2468 4218
473 240 679 304 ...71-

70 413 127 470 tes
152 414 287 470 sanotae
310 404 482 470 Ecclesiae
503 406 673 496 unitatem.
687 403 896 488 denuntient,
918 415 952 472 et
974 407 1074 492 quasi

70 503 262 570 intromissi
284 503 418 570 circulis
441 526 553 569 arcam
575 513 718 591 portent
762 503 923 570 Vestibus
946 503 1071 590 quippe

71 624 191 668 arcam
212 611 362 688 portare,
386 613 436 668 est
459 605 555 669 bonis
570 601 762 669 doctoribus
784 613 932 670 sanctam
953 601 1072 667 Eccle-

74 704 163 768 siam
185 701 228 766 ad
250 700 352 768 rudes
374 702 555 767 infidelium
570 712 696 766 mentes
718 701 943 788 praedicando
968 701 1071 768 dedu-

72 824 162 867 cere.
208 801 276 881 Qui
303 823 392 866 auro·
415 824 547 892 quoquo
568 801 734 892 jubentur
764 803 905 884 operiri,
935 810 971 867 ut
993 800 1071 868 dum

73 923 226 968 sermone
248 900 327 967 aliis
354 903 527 984 insonant,
561 902 626 988 ipsi
656 902 752 967 etiam
781 901 871 966 vitae
895 898 1070 984 splendore

71 999 277 1086 fulgescant.
320 1001 372 1068 De
389 999 511 1088 quibus
526 1011 604 1090 apte
619 999 786 1071 subditur:
808 998 890 1086 Qui
913 1021 1073 1088 semper

74 1109 200 1166 erunt
227 1104 268 1168 in
296 1099 497 1181 circulis,
528 1119 602 1164 neo
624 1123 820 1187 umquam
842 1095 1071 1165 extrahen-

72 1210 144 1266 tnr
165 1199 213 1264 a‘b
242 1201 308 1266 eis.
354 1199 443 1280 Quia
465 1201 621 1265 nimirum
642 1219 778 1264 neeesse
799 1209 861 1280 est,
885 1207 923 1262 nt
943 1198 1005 1282 qui
1027 1198 1070 1262 ad

73 1298 222 1365 officium
243 1299 500 1386 praedicationis
520 1298 712 1382 emanant,
735 1321 756 1363 a
779 1319 896 1364 sacrae
917 1295 1073 1362 lectionis

74 1396 187 1464 studio
216 1421 282 1464 non
310 1399 474 1466 recedant.
516 1395 569 1462 Ad
596 1396 659 1463 hoo
687 1419 831 1484 namque
860 1406 971 1463 vectes
998 1417 1071 1460 esse

74 1497 110 1562 in
133 1497 263 1563 circulis
286 1520 416 1583 semper
434 1496 618 1586 jubentur,
654 1507 690 1563 ut
712 1519 787 1562 cum
808 1497 938 1585 portari
960 1518 1072 1562 arcam

74 1597 310 1684 opportunitas
333 1597 456 1682 exigit,
486 1597 526 1662 de
548 1597 808 1665 intromittendis
824 1596 977 1663 vectibus
998 1615 1072 1678 por·

74 1694 172 1760 tandi
193 1692 335 1760 tarditas
363 1694 459 1760 nulla
483 1706 675 1780 generetur3
712 1697 792 1783 quia
822 1695 978 1762 videlicet
998 1715 1072 1761 oum

75 1793 230 1882 spiritale
249 1793 377 1882 aliquid
399 1815 419 1859 a
442 1793 586 1860 subditis
608 1791 725 1883 pastor
747 1797 947 1883 inquiritur,
981 1797 1073 1879 igno·

73 1895 254 1963 miniosum
274 1894 372 1960 valde
398 1890 466 1978 ast,
496 1898 627 1964 situno
656 1906 799 1983 quaerat
820 1896 966 1979 discere,
1000 1916 1074 1963 oum

76 1994 308 2081 quaestionem
329 1992 429 2060 debet
450 1994 608 2067 enodare.
651 1994 722 2062 Sed
741 1995 872 2062 circulis
894 2004 1004 2060 vectes
1022 1996 1073 2063 iu·

74 2094 259 2177 haereant,
292 2103 329 2160 ut
352 2093 503 2162 doctores
526 2118 656 2182 semper
677 2098 709 2162 in
735 2095 805 2160 suis
824 2093 980 2160 cordibus
1004 2092 1073 2160 elo·

76 2193 159 2280 quia
181 2213 276 2260 saera
305 2193 505 2260 meditantes
533 2195 725 2261 testamenti
752 2217 862 2260 arcam
890 2195 960 2260 sine
981 2214 1074 2259 mora

76 2291 229 2376 elevent,
261 2293 288 2358 si
322 2291 486 2382 quidquid
520 2315 655 2360 neeesse
678 2302 744 2378 est,
771 2295 923 2381 protinus
945 2293 1072 2360 docent.

74 2389 178 2456 Unde
191 2391 276 2460 bene
288 2395 414 2480 primus
428 2393 549 2461 Pastor
560 2393 734 2460 Ecclesiae
749 2403 902 2481 pastores
925 2403 1072 2460 caeteros

75 2489 245 2572 admonet,
279 2489 408 2558 dicens:
437 2494 580 2562 Parati
608 2517 771 2583 semper
793 2493 844 2560 ad
874 2492 1069 2559 satisfac·

74 2592 246 2658 tionem
275 2594 616 2680 omniposoenti
649 2617 724 2660 vos
760 2594 991 2659 rationem
1018 2588 1090 2680 de

74 2715 142 2777 ea,
172 2714 283 2780 qnae
319 2693 358 2758 in
388 2692 509 2759 vobis
539 2702 623 2776 est,
656 2694 794 2780 spe²);
837 2693 928 2760 acsi
952 2701 1070 2778 aperte

72 2791 186 2857 dicat:
215 2791 263 2856 Ut
283 2793 327 2857 ad
347 2793 547 2879 portandam
567 2813 680 2856 arcam
703 2789 797 2856 nulla
816 2813 910 2858 mora
931 2812 1070 2879 praepe-

75 2889 160 2973 diat,
184 2899 296 2957 vectes
319 2913 339 2956 a
361 2890 490 2958 circulis
514 2911 695 2979 numquam
717 2888 887 2957 recedant.

112 3101 136 3171 ²)
156 3105 180 3158 1.
196 3104 266 3158 res.
285 3101 318 3164 s,
334 3103 375 3158 n.
