2462 4220
504 263 732 333 ..ffl-

118 435 255 504 soirant
274 431 408 500 fletibus
423 430 673 499 satisfactionis.
713 430 882 518 Scriptum
904 433 1029 519 quippe
1048 443 1124 501 ests

119 535 262 600 Petam
275 531 392 598 dedit
409 528 528 598 nobis
545 531 585 596 ἰιι
605 530 856 618 lacrymisin
871 531 1122 619 mensnra,¹)

117 643 157 700 nt
176 629 337 698 videlicet
362 629 628 715 uniuscnjusque
649 651 743 700 mens
761 639 892 697 tantuna
912 628 1123 717 paenitendo

118 729 382 818 compunctionis
403 751 484 796 suae
513 727 611 794 bibat
638 727 826 818 lacrymas,
850 737 1011 817 quantum
1034 751 1072 796 se
1098 749 1124 794 a

117 829 193 898 Deo
213 828 363 894 meminit
382 827 513 893 aruisse
540 849 601 912 per
622 826 750 916 culpas
793 827 1003 894 Admonendi
1024 837 1122 912 sunt,

117 939 156 996 ut
177 931 384 996 incessanter
406 925 554 994 admissa
575 939 653 993 ante
676 927 793 994 oculos
814 926 988 1009 reducant,
1010 937 1121 1014 atque
1227 969 1228 1038 ;

117 1026 262 1096 virendo
283 1035 406 1112 agant,
433 1035 471 1092 ut
492 1047 513 1092 a
534 1025 685 1094 districto
702 1026 817 1115 judice
839 1025 947 1093 videri
967 1047 1035 1092 non
1056 1025 1120 1092 de·

119 1127 231 1194 beant.
275 1124 373 1192 Unde
394 1124 508 1191 David
529 1144 602 1190 curn
624 1133 773 1212 peteret,
797 1125 927 1192 dicens:
958 1126 1122 1192 Averte

118 1226 272 1296 oculos
299 1236 388 1292 tuos
410 1228 657 1313 emeccasis
686 1228 810 1308 meis,
830 1222 857 1312 2)
886 1225 990 1312 paulo
1013 1245 1119 1312 supe-

116 1326 189 1392 rius
217 1325 343 1393 intulit:
371 1323 601 1391 Delictum
635 1347 768 1391 meum
795 1347 935 1390 coram
964 1347 1023 1390 me
1052 1335 1122 1391 est

118 1422 327 1516 componi)
373 1426 423 1491 Ac
445 1427 474 1490 si
494 1425 635 1491 diceret:
665 1427 845 1491 Peccatum
868 1447 977 1494 meum
995 1441 1039 1492 ne
1060 1445 1120 1490 re·

117 1527 242 1614 spicies
263 1525 413 1614 postulo,
445 1526 611 1612 quiahoc
636 1526 803 1612 respicere
826 1524 899 1611 ipse
921 1545 989 1589 non
1011 1545 1118 1590 cesso.
1228 1519 1229 1526 '

118 1624 217 1690 Unde
240 1635 274 1690 et
294 1645 356 1713 per
376 1624 574 1712 prophetam
595 1625 760 1691 Dominus
783 1623 877 1690 dicit:
900 1624 951 1688 Et
972 1645 1119 1711 pecca·

117 1733 255 1789 torum
284 1736 453 1790 tuorum
480 1747 633 1790 memor
663 1747 744 1791 non
770 1747 856 1807 ero,
888 1733 931 1789 tu
960 1734 1121 1789 autem

117 1845 263 1890 memor
284 1819 419 1910 estod)
457 1822 668 1891 Admonendi
691 1834 780 1908 sunt,
799 1836 838 1890 ut
854 1823 988 1909 singula
1010 1843 1118 1909 quae·

119 1943 186 2010 que
207 1922 354 1990 admissa
374 1924 599 2006 considerent,
623 1933 656 1990 et
677 1923 755 1989 dum
777 1944 837 2010 per
854 1923 1120 2011 unumquodque

118 2025 243 2091 erraris
266 2025 320 2092 sui
340 2026 608 2112 inquinationem
630 2023 764 2106 deflent,
788 2022 886 2088 simul
910 2045 945 2088 se
968 2043 1007 2088 ao
1028 2031 1120 2089 totos

117 2123 271 2214 iacrymis
292 2125 461 2192 mundent.
506 2125 603 2190 Unde
632 2122 718 2191 bene
747 2145 808 2210 per
828 2124 1007 2189 Jeremiam
1035 2123 1120 2187 diei-

118 2234 185 2308 tur,
211 2245 286 2293 cum
306 2225 459 2291 Judaeae
483 2224 618 2309 singula
639 2221 764 2290 delicte
785 2233 1027 2312 pensarentur:
1048 2221 1120 2286 Di·

118 2326 314 2392 visiones
336 2347 548 2414 aquarum
571 2322 755 2390 deduxit
777 2323 929 2390 oculus
950 2343 1070 2388 meus.
1089 2319 1119 2408 ⁶)

118 2423 259 2493 Divinas
282 2428 407 2512 quippe
430 2447 474 2489 ex
495 2424 602 2489 oculis
625 2446 731 2511 aquas
750 2423 953 2508 deducimus,
979 2421 1119 2511 quando

94 2611 97 2616 Ι
118 2530 267 2614 peccatis
282 2527 425 2613 singulis
439 2525 632 2612 dispertitas
647 2525 814 2612 lacrymas
826 2524 952 2591 damus.
996 2523 1118 2610 Neque

119 2629 206 2692 enim
228 2647 294 2692 uno
317 2625 497 2712 eodemque
526 2633 672 2712 tempore
702 2647 809 2713 aeque
832 2647 927 2690 mens
949 2624 989 2691 de
1011 2624 1119 2690 omni·

118 2725 185 2792 bus
206 2726 313 2810 dolet3
337 2725 396 2792 sed
418 2725 496 2790 dum
516 2747 608 2792 nunc
629 2725 747 2813 hujus,
770 2747 860 2790 nuno
880 2724 971 2791 illius
992 2723 1118 2810 culpae

118 2827 274 2892 memoria
295 2829 407 2892 acrius
431 2828 598 2912 tangitur,
624 2825 721 2890 simul
753 2825 794 2890 de
817 2824 971 2892 omnibus
990 2825 1025 2889 in
1048 2824 1118 2890 sin-

117 2923 207 3010 gulis
229 2936 389 2992 commota
413 2936 587 3013 purgatur.

180 3024 391 3092 Admonendi
406 3037 495 3109 sunt,
518 3034 556 3090 ut
570 3025 611 3089 de
634 3025 860 3091 misericordia
883 3047 983 3112 quam
1002 3033 1116 3112 postu·

116 3125 200 3208 lant,
222 3135 450 3214 praesumant,
475 3147 516 3190 ne
537 3126 572 3190 vi
593 3126 830 3191 immoderatae
852 3125 1044 3191 afflictionis
1064 3125 1118 3190 in-

118 3235 260 3292 tereant.
304 3225 421 3314 Neque
443 3226 530 3291 enim
553 3227 608 3314 pie
630 3226 793 3292 Dominus
814 3235 894 3292 ante
916 3223 1117 3311 delinquen·

117 3327 200 3392 tium
228 3326 342 3393 oculos
371 3323 482 3391 flenda
513 3335 653 3414 peccata
675 3336 830 3414 poneret,
861 3328 890 3391 si
916 3348 977 3411 per
998 3333 1118 3391 semet·

117 3427 228 3514 ipsum
261 3449 301 3492 ea
328 3425 477 3492 districte
508 3424 610 3492 ferire
638 3425 809 3494 voluisset.
853 3425 994 3492 Constat
1015 3428 1116 3508 enim,

144 3651 167 3720 ¹)
185 3653 230 3705 Ps.
248 3652 289 3718 79,
307 3651 333 3707 6.
351 3681 385 3692 -
403 3653 428 3723 ²)
445 3655 489 3710 Pa.
506 3653 608 3722 50,11.
640 3653 713 3723 -.¹)
731 3657 777 3709 Ps.
794 3655 836 3722 50,
854 3653 880 3714 ὅ.
899 3683 932 3694 -
952 3653 973 3721 ⁸)
992 3655 1055 3724 isai,
1072 3655 1116 3726 ts,

186 3737 230 3790 25.
247 3736 290 3790 26.
309 3765 340 3778 -·
361 3738 380 3805 ⁵)
397 3741 491 3795 Taren.
511 3739 535 3807 3,
553 3737 595 3796 48.
