2486 4222
451 267 662 334 ...13-

42 439 164 514 vatus,
189 429 268 498 dum
289 452 412 517 magna
434 433 604 502 refecisse
620 433 793 518 gauderet,
815 432 944 496 cunctis
959 433 1055 519 prius

41 530 82 596 in
105 531 313 620 cogitatione
336 554 371 597 se
400 533 578 622 praetulit,
613 539 746 620 etpost
773 528 882 596 adhuc
906 531 1056 597 tumidus

42 630 154 696 dixit:
177 629 319 698 Nonne
341 630 444 698 haec
467 642 530 698 est
550 628 734 719 Babylon
753 651 910 716 magna,
935 651 1054 714 quam

43 751 129 814 ego
162 727 398 796 aedificavi
430 728 471 796 in
498 728 655 798 domum
686 729 828 814 regni,
861 739 899 794 et
925 729 966 793 in
994 751 1052 794 ro-

42 828 152 896 bore
174 827 459 896 fortitudinis
480 852 606 913 meae,
639 837 680 894 et
701 828 744 893 in
766 826 912 911 gloria
936 827 1051 894 dece-

42 929 112 994 ris
142 928 243 992 mei?
266 925 292 1013 ¹)
337 927 434 1008 Quae
461 928 618 995 videlieet
645 949 713 994 vox
736 925 817 990 ilius
844 928 916 992 irae
943 925 1053 994 vindi·

40 1015 141 1094 ctam
163 1037 281 1114 aperte
304 1027 461 1115 pertulit,
496 1049 597 1115 quam
619 1025 749 1093 occulta
768 1023 867 1090 elatio
890 1027 1054 1092 accendit.

44 1125 139 1194 Nam
162 1126 337 1192 districtus
353 1127 462 1213 judex
482 1129 577 1214 prius
598 1123 814 1191 invisibiliter
835 1125 935 1206 vidit,
963 1125 1054 1213 quod

43 1235 172 1312 postea
201 1224 335 1314 publice
360 1224 511 1292 feriendo
541 1222 765 1312 reprehendit.
820 1221 919 1292 Unde
952 1235 985 1289 et
1017 1225 1053 1290 in

43 1324 252 1392 irrationale
273 1326 399 1392 animal
421 1324 511 1392 hunc
530 1325 648 1408 vertit,
672 1323 714 1390 ab
732 1323 880 1392 humana
894 1325 1053 1390 societate

45 1425 245 1508 separavit,
267 1427 343 1512 agri
364 1425 483 1493 bestiis
505 1436 634 1492 mutata
655 1433 765 1490 mente
788 1425 981 1512 conjunxit,
1015 1435 1052 1490 ut

45 1525 205 1590 districto
226 1525 380 1591 videlicet
391 1527 552 1614 justoque
562 1525 694 1612 judicio
711 1522 807 1590 home
831 1547 965 1612 quoque
978 1547 1052 1590 esse

45 1621 220 1708 perderet,
243 1627 300 1712 qui
313 1647 470 1710 maguum
480 1647 514 1690 se
529 1623 616 1690 ultra
629 1623 780 1690 homines
791 1625 1011 1690 aestimasset.
1024 1625 1051 1710 ²)

44 1723 148 1788 Haec
170 1723 286 1808 itaque
317 1724 522 1810 proferentes
549 1746 616 1788 non
638 1733 845 1812 potestatem
873 1725 1052 1811 reprehen-

45 1823 182 1904 dimus,
219 1821 280 1890 sed
310 1823 353 1890 ab
382 1825 536 1911 appetitu
565 1821 659 1891 illius
688 1823 796 1890 cordis
826 1821 1059 1890 infirmitatem

46 1923 241 2006 munimus,
265 1945 307 1988 ne
329 1923 516 2010 imperfecti
538 1925 661 2010 quique
683 1923 813 1990 culmen
834 1927 984 2011 arripere
1002 1949 1052 1992 re·

45 2021 189 2106 giminis
212 2021 376 2105 audeaut,
407 2025 520 2110 etqui
545 2026 581 2092 in
602 2021 712 2112 planis
742 2033 871 2090 stantes
892 2024 1051 2108 titubant,

48 2123 85 2188 in
108 2122 289 2209 praecipiti
310 2122 426 2210 pedem
447 2131 585 2210 ponant.

93 2368 118 2436 ¹)
145 2369 213 2420 Dan.
231 2369 261 2434 4,
281 2369 323 2424 27.
344 2393 374 2407 -·—
394 2368 414 2434 ²)
433 2369 483 2424 Cor
500 2369 556 2422 sive
573 2370 715 2438 phantasia
731 2373 756 2424 ct
772 2370 1054 2439 appetitusNabucho·

141 2454 278 2508 denoscris
303 2455 332 2506 in
358 2455 495 2524 superbiae
520 2470 628 2524 poenam
651 2457 761 2510 antoniis
778 2472 831 2510 non
850 2461 910 2510 eunt
929 2457 1050 2526 amptius,

141 2546 172 2594 ut
188 2541 216 2594 in
233 2541 337 2595 homine
355 2541 516 2607 banasam,
535 2543 581 2595 aad
599 2542 636 2596 ita
653 2543 804 2609 turbantur,
822 2548 852 2594 ut
870 2543 988 2596 videatur
1000 2543 1053 2596 sibi

140 2641 200 2680 esee
217 2627 315 2693 bestia;
332 2641 381 2682 nec
398 2615 455 2681 sola
471 2628 612 2695 phantasia
629 2633 654 2680 ct
671 2629 814 2698 appetitus,
834 2629 878 2682 sed
896 2629 974 2682 etiam
991 2645 1052 2682 cor-

139 2713 182 2766 dis
200 2717 226 2766 et
247 2715 363 2782 corporis
388 2714 614 2784 temperamentum
632 2715 669 2766 ita
699 2715 860 2768 immutatum
878 2721 903 2768 et
920 2715 1053 2769 efferatum

139 2789 191 2864 est,
210 2804 239 2850 ut
257 2805 380 2868 quantum
398 2799 453 2852 lieri
471 2801 555 2868 potuit
574 2801 638 2852 citra
655 2805 764 2854 naturae
782 2802 911 2854 humanae
929 2803 1052 2855 amissio-

139 2899 211 2951 nem,
231 2883 303 2938 ‘feris
321 2885 416 2938 similis
434 2886 561 2938 eraderet.
597 2886 631 2937 Et
647 2899 680 2939 ne
698 2887 725 2940 iu
750 2887 862 2940 amentia
880 2885 931 2940 sibi
948 2893 974 2940 et
990 2887 1054 2941 aliis

139 2975 244 3024 noceret
262 2969 427 3038 furibundus,
447 2971 558 3024 manicis
575 2980 600 3024 et
618 2971 785 3041 compedibus
803 2974 951 3040 adstrictus,
972 2986 1051 3040 quum

140 3057 224 3110 nollet
240 3057 268 3108 in
286 3055 395 3126 pallatio
413 3052 581 3122 commorari,
606 3057 725 3112 Danielis
743 3061 842 3112 monitu
861 3061 888 3113 in
905 3061 1052 3128 proximum

141 3141 256 3196 ferarum
280 3144 378 3196 circum
400 3143 526 3212 abductus
544 3149 569 3196 et
585 3158 618 3196 ex
636 3144 768 3196 hominum
792 3147 918 3200 consortio
935 3145 1052 3216 abjectus

141 3233 192 3284 est.
226 3228 346 3296 Regnum
363 3229 462 3284 interea
480 3229 669 3282 Chaldaeorum
690 3229 747 3298 ejus
764 3230 836 3284 tilius
853 3230 990 3284 Baltasaar
999 3246 1052 3284 nna

135 3330 200 3378 ,cam
218 3313 386 3382 optimatibus
410 3315 607 3368 administravit.
643 3315 775 3384 completo
793 3316 937 3384 septennio,
964 3321 992 3368 ut
1010 3317 1051 3386 dl’.

140 3401 218 3466 cunt3
237 3413 318 3452 sanae
336 3399 414 3454 menti
431 3402 546 3454 redditus
565 3405 605 3454 est
621 3401 857 3456 Nabuchodonosor
875 3406 899 3454 et
910 3403 1057 3468 regusar·

134 3485 320 3553 ministrando,
340 3485 384 3540 sed
402 3489 495 3556 paucis
512 3493 571 3556 post
588 3487 721 3541 mensibus
741 3503 756 3542 e
773 3489 828 3542 vita
845 3487 991 3558 emigravit.
