2462 4220
461 217 685 286 -1ut-

79 361 223 470 diligant,
246 404 287 448 ne
310 382 460 450 subsidia
481 385 614 450 itineris
636 385 671 451 in
685 381 859 453 obstacula
879 384 1066 472 perventio.

78 481 128 548 uis
146 491 287 565 vertant,
308 505 350 548 ne
372 493 533 550 nocturno
555 481 655 548 lunae
667 481 789 548 lumine
811 482 977 566 delectati,
999 479 1065 552 cla·

77 583 202 648 ritatem
234 580 314 646 solis
343 581 456 646 videre
486 579 664 666 refugiant.
707 581 919 648 Admonendi
951 585 1065 670 itaque

77 688 166 763 suut,
189 689 227 744 ut
249 702 405 768 quaeque
427 682 464 747 in
486 679 549 746 boo
578 677 700 746 mundo
722 691 988 770 consequuntur,
1009 704 1065 748 ca·

73 775 228 844 lamitatis
250 775 391 862 solatia,
422 803 488 848 nou
520 790 631 845 antem
660 775 811 866 praemia
838 779 1066 848 retributionis

75 875 218 960 credant,
249 876 307 942 sed
330 889 447 946 contra
468 877 602 946 favores
624 879 738 944 mundi
759 889 901 944 mentem
921 882 1066 966 erigant,

73 998 114 1044 no
139 976 171 1040 in
194 975 250 1048 ¹eis
279 999 322 1042 ex
350 988 420 1044 tota
447 976 554 1044 cordis
585 975 804 1044 delectatione
836 977 1065 1046 succumbant.

74 1075 233 1162 Quisquis
256 1075 341 1141 enim
364 1077 640 1164 prosperitatem,
661 1100 732 1164 qua
754 1079 874 1160 utitur,
906 1075 995 1164 apud
1012 1079 1067 1166 ju·

72 1174 189 1240 dicium
213 1173 320 1240 cordis
340 1173 487 1252 melioris
510 1177 599 1240 vitae
614 1197 725 1242 amore
747 1198 814 1240 uon
830 1176 992 1262 reprimit,
1015 1175 1066 1242 t'a·

71 1295 181 1340 rorem
207 1275 297 1354 vitae
326 1275 531 1340 transeuntis
558 1275 594 1342 in
622 1275 736 1342 mortis
766 1285 948 1363 perpetuae
970 1293 1064 1342 occa·

70 1374 194 1440 sionem
217 1373 327 1438 vertit.
369 1369 458 1438 Hinc
470 1384 522 1440 eat
533 1375 628 1456 enim,
652 1371 740 1460 qnod
756 1371 819 1440 sub
830 1371 1065 1440 idumaeorum

70 1473 206 1559 specie,¹
226 1475 283 1559 qui
312 1472 492 1540 vincendos
514 1497 549 1538 se
579 1473 793 1562 prosperitati
815 1495 895 1538 suae
917 1472 1065 1560 relique·

69 1581 165 1652 runt,
197 1573 232 1637 in
264 1569 501 1659 hujusmundi
531 1570 738 1637 successibus
770 1569 937 1637 laetantes
960 1572 1065 1638 incre·

68 1680 211 1757 pautur,
233 1693 307 1736 cum
329 1670 466 1738 diciturr
501 1669 725 1738 Dederunt
753 1681 912 1736 terram
941 1695 1066 1738 meam

70 1766 156 1834 sibi
189 1770 231 1835 in
260 1767 548 1837 hereditatem
581 1791 668 1834 cnm
695 1762 871 1854 gaudio,
907 1781 948 1838 et
976 1781 1066 1838 toto

68 1867 189 1936 corde
219 1879 337 1936 etex
366 1872 513 1937 animo.
540 1865 564 1954 ¹)
616 1867 750 1950 Quibus
777 1869 890 1935 verbis
923 1893 1066 1958 perpen-

70 1967 162 2036 ditur
170 2017 181 2052 ,
206 1967 294 2058 qnod
328 1993 396 2036 nou
418 1969 542 2052 solum,
572 1969 652 2055 quia
679 1966 866 2052 gaudeant,
898 1969 956 2034 scd
978 1967 1068 2058 quod

67 2067 258 2139 totocorde
282 2079 367 2134 etex
391 2071 501 2135 animo
516 2066 698 2153 gaudeant,
722 2068 873 2133 districta
886 2067 1067 2156 repreben-

66 2167 161 2234 sione
182 2168 355 2234 feriantur.
398 2167 487 2233 Hinc
509 2167 667 2234 Salomon
688 2169 751 2233 ait:
772 2165 952 2234 Aversio
975 2188 1066 2253 par·

67 2265 264 2334 vnlornm
300 2267 555 2334 interficiet
590 2290 675 2350 eos,
711 2279 750 2332 et
784 2267 1066 2356 prosperitas

67 2365 297 2434 stultorum
321 2367 471 2454 perdet
492 2367 606 2434 illos.
625 2366 652 2453 ²)
695 2367 782 2432 Hinc
804 2365 931 2432 Paulus
953 2365 1065 2432 admo·

64 2475 127 2532 net
148 2465 275 2532 dicens:
306 2467 387 2548 Qui
410 2477 567 2550 emunt,
597 2477 807 2554 tamquam
829 2489 910 2532 non
934 2465 1064 2552 possi·

66 2563 244 2648 dentes,
276 2578 316 2631 ct
350 2568 428 2654 qui
457 2576 638 2633 utuntur
666 2563 741 2632 hoc
768 2563 936 2648 mundo,
968 2577 1065 2632 tarn·

66 2687 193 2752 quam
225 2687 307 2732 non
335 2675 527 2732 utantur.
547 2663 573 2752 ³)
622 2664 670 2730 Ut
698 2665 848 2730 videlicet
878 2667 926 2730 sic
954 2664 1065 2750 nobis,

64 2785 157 2852 quae
180 2775 381 2852 suppetunt,
412 2767 559 2832 exterius
587 2763 755 2844 serviant,
779 2776 946 2852 quatenus
968 2789 989 2830 a
1011 2789 1066 2834 su-

62 2885 197 2950 pernae
218 2861 450 2930 delectationis
459 2863 488 2950 l)
512 2861 621 2930 studio
634 2863 778 2929 animum
790 2888 857 2930 nnn
876 2865 1067 2948 inflectant3

62 2985 109 3027 ne
134 2961 263 3028 luctum
286 2959 381 3028 nobis
406 2965 556 3028 internae
579 2964 861 3052 peregrinationis
880 2973 1067 3052 temperent

62 3083 121 3144 ca,
155 3085 243 3149 quae
274 3064 311 3128 in
331 3062 433 3127 exilio
463 3063 581 3152 positis
608 3060 793 3128 subsidium
822 3064 1003 3150 praebent3
1031 3069 1066 3126 et

62 3163 171 3250 quasi
189 3161 306 3229 felices
327 3163 362 3226 iu
384 3161 587 3229 transitoriis
608 3181 676 3240 non
697 3163 916 3250 gaudeamus,
940 3165 998 3250 qui
1020 3159 1065 3227 ab

61 3262 218 3330 aeternis
238 3283 301 3330 noa
323 3262 455 3328 interim
483 3263 620 3330 miseros
649 3263 825 3328 cernimus.
865 3262 953 3328 Hinc
973 3282 1066 3328 nam·

61 3385 134 3453 que
158 3371 221 3448 est,
245 3361 335 3452 qnod
354 3361 532 3430 electorum
545 3383 624 3428 voce
641 3359 724 3428 dicit
744 3359 911 3428 Ecclesiae
931 3357 1066 3428 Laeva

58 3511 375 3526 W

86 3589 229 3662 'lurotu
246 3589 289 3659 36,
307 3589 333 3646 ⁵·
362 3619 395 3630 ··
422 3587 444 3660 ²)
460 3590 536 3656 Prov·
557 3587 584 3657 1,
601 3577 644 3644 32ss
671 3617 702 3628 -
729 3585 749 3656 ⁸)
768 3587 791 3645 1.
809 3585 868 3640 eor.
893 3587 927 3654 r,
951 3583 994 3640 ³0.
1015 3614 1047 3626 -

136 3676 160 3743 4)
178 3677 238 3754 Alit.
267 3675 420 3732 dilectionis.
