2486 4222
590 285 633 300 -·
674 247 718 314 iu
757 285 800 302 -
849 266 854 286 ⁸

557 428 758 497 OAPUT'
786 433 826 497 V.

195 565 241 621 De
258 567 327 634 hir,
347 567 402 636 qui
420 567 453 620 in
471 565 656 634 regiminis
674 564 829 618 culmino
845 563 1015 633 pro'dcseo
1034 565 1192 632 exemplo

271 651 438 704 virtutum
465 653 632 718 possunt,
664 649 726 702 red
752 650 908 717 quietem
934 647 1111 716 propriam

480 735 660 788 restando
684 731 893 801 refugiunt.

230 843 341 916 'Nam
368 861 446 918 eunt
475 851 644 934 nonnulli,
679 851 737 940 qui
759 851 883 919 eximia
913 849 1073 917 virtutum
1104 848 1190 916 dona
1226 855 1227 860 ’

191 951 395 1040 percipiunt,
429 958 463 1015 et
491 973 550 1035 pro
580 951 817 1017 exercitatione
850 961 1038 1016 ceterorum
1058 949 1190 1033 magnis

191 1049 383 1118 muneribus
406 1047 618 1132 exaltantur,
651 1051 711 1137 qui
733 1048 842 1118 studio
874 1049 1041 1116 castitatis
1062 1047 1189 1132 mundi,

192 1151 415 1218 abstinentiae
443 1147 562 1214 robore
592 1149 715 1232 validi,
755 1147 927 1217 doctrinae
957 1147 1104 1234 dapibus
1134 1169 1188 1218 re·

190 1251 283 1332 ferti,
304 1250 489 1337 patientiae
510 1248 767 1333 longanimitate
789 1245 946 1331 humiles,
981 1249 1191 1314 auctoritatis
1228 1283 1229 1288 κ

190 1349 386 1416 fortitudine
410 1349 513 1412 erecti
521 1395 531 1429 ,
564 1349 699 1434 pietatis
721 1349 833 1432 gratia
854 1346 1010 1432 benigni,
1039 1349 1189 1429 iustitiae

192 1450 373 1513 severitate
394 1445 536 1510 districti
559 1457 645 1512 eunt.
683 1445 750 1526 Qui
771 1447 927 1512 nimirum
947 1446 1079 1512 culmen
1102 1449 1188 1532 regi·
1229 1499 1230 1530 3

191 1545 315 1610 minum
339 1547 366 1609 si
398 1543 508 1610 vocati
537 1547 705 1633 suscipere
736 1553 898 1628 renuunt,
934 1547 1009 1632 ipsa
1030 1545 1095 1610 sibi
1118 1548 1187 1638 ple·

191 1665 332 1732 rumque
348 1643 436 1708 dona
456 1645 616 1727 adimunt,
640 1665 727 1732 quae
743 1667 810 1710 non
825 1667 887 1734 pro
906 1667 940 1712 se
952 1645 1188 1729 tantummodo,

192 1741 250 1808 sed
272 1743 372 1808 etiam
394 1765 454 1829 pro
470 1742 545 1808 aliis
567 1753 780 1832 aeceperunt.
814 1743 965 1832 Cumque
986 1764 1057 1826 sua,
1080 1756 1114 1811 et
1124 1767 1189 1811 nun

192 1841 332 1927 aliorum
362 1842 457 1906 lucra
481 1843 644 1927 cogitant,
675 1845 757 1930 ipsis
780 1867 834 1924 se,
867 1867 952 1932 quae
975 1845 1108 1932 privata
1130 1843 1186 1910 ha·

192 1941 271 2006 bere
293 1951 473 2028 appetunt,
497 1940 592 2008 bonis
613 1944 759 2031 privant.
795 1943 884 2008 Hinc
900 1963 1043 2029 namque
1063 1941 1106 2007 ad
1123 1942 1188 2008 dis·

192 2041 322 2129 cipulos
344 2041 479 2108 Veritas
511 2042 605 2107 dicit:
638 2041 724 2108 Non
755 2051 903 2128 potest
932 2043 1093 2109 civitas
1124 2041 1189 2109 ab·

194 2141 339 2208 scendi
362 2164 483 2230 super·
505 2151 686 2207 montem
707 2143 863 2229 posita:
884 2163 1018 2228 neque
1041 2163 1189 2208 accen·

193 2243 292 2307 dunt
321 2241 549 2323 lucernam,
583 2251 623 2305 et
651 2250 814 2321 ponunt
841 2240 1024 2306 eam-sub
1044 2240 1187 2323 modio,
1231 2231 1232 2322 l

193 2340 267 2406 sed
289 2363 416 2429 super
436 2339 752 2422 candelabrum,
774 2349 819 2405 nt
840 2337 979 2405 luceat
997 2337 1187 2423 omnibus,
1231 2331 1232 2396 l

193 2440 263 2526 qui
293 2441 335 2506 in
369 2438 479 2506 domo
513 2449 619 2504 sunt.
646 2435 671 2526 ¹)
714 2439 802 2504 Hinc
824 2439 924 2505 Petro
953 2440 1017 2503 ait:
1049 2437 1187 2505 Simon

191 2538 384 2621 Joannis,
415 2559 524 2604 amas
553 2540 636 2604 me?
685 2537 848 2618 Quicum
883 2561 917 2605 se
947 2557 1060 2604 amare
1082 2538 1186 2624 proti-

191 2661 256 2704 nus
278 2636 523 2726 respondisset,
547 2637 688 2704 audivit:
721 2617 765 2704 Si
787 2639 940 2726 diligis
960 2658 1036 2718 me,
1058 2659 1185 2723 pasce

192 2759 291 2804 oves
314 2759 434 2803 meas.
460 2735 486 2823 ²)
531 2735 568 2803 Si
588 2760 666 2823 ergo
688 2737 874 2805 dilectionis
897 2745 948 2802 est
963 2737 1186 2804 testimonium

191 2857 273 2902 eura
295 2837 476 2922 pastionis,
511 2837 664 2925 quisquis
688 2838 872 2904 virtutibus
893 2835 1023 2923 pollens
1049 2857 1185 2921 gregem

190 2935 258 3001 Dei
278 2937 390 3002 renuit
410 2958 567 3023 pascere,
595 2948 763 3024 pastorem
792 2957 952 3004 summum
979 2935 1186 3002 convincitur

190 3057 257 3100 non
279 3057 402 3100 amare.
444 3035 533 3101 Hinc
556 3037 685 3104 Paulus
699 3035 795 3104 dicit:
827 3035 869 3102 si
892 3035 1091 3102 Christus
1112 3059 1183 3123 pro

190 3133 384 3200 omni-bus
412 3143 596 3202 mortuus
626 3147 707 3220 est,
737 3157 831 3220 ergo
860 3157 1002 3202 omnes
1031 3135 1184 3202 mortui

192 3243 296 3300 sunt.
340 3233 392 3300 Et
419 3235 454 3299 si
475 3257 546 3322 pro
573 3233 764 3302 omnibus
785 3245 974 3302 mortuus
997 3245 1081 3320 est,
1125 3259 1182 3302 su·

189 3341 337 3422 perest
358 3344 417 3418 ut,
443 3337 511 3421 qui
530 3337 698 3419 vivunt,
715 3336 801 3424 jam
823 3357 899 3402 non
923 3333 1005 3400 sibi
1027 3335 1182 3416 vivant,

190 3434 264 3499 sed
294 3433 345 3514 ei,
384 3435 459 3523 qui
490 3458 565 3522 pro
595 3436 704 3522 ipsis
734 3444 916 3518 mortuus
949 3444 1087 3502 estet
1120 3457 1182 3500 re·

138 3557 147 3592 x
190 3536 381 3601 surrexit.
407 3533 434 3622 3)
475 3535 563 3601 Hinc
584 3535 718 3624 Moyseo
747 3535 812 3618 ait,
846 3541 885 3600 ut
904 3555 1042 3600 uxorem
1069 3534 1183 3602 fratris

230 3713 249 3778 ¹)
272 3714 364 3768 uasti.
376 3714 400 3782 s,
419 3711 461 3767 14.
480 3711 521 3766 15.
542 3741 574 3752 -
593 3709 917 3781 ²)10m.21,1e.17.-
936 3710 957 3777 ⁸)
975 3711 1001 3768 2.
1013 3711 1106 3781 eorm,
1125 3714 1165 3768 15.
