2468 4218
530 269 764 338 ...ωο-

155 437 203 504 ad
223 446 434 526 peccatorum
458 445 650 508 neruorum
677 438 868 505 memoriam
894 436 990 504 netu
1004 434 1149 505 ¹afflicti·

153 557 224 625 que
243 556 457 617 revocamur,
486 547 688 623 nequeunte
718 536 831 612 oculos
858 545 990 611 nocitos
1014 547 1149 616 cuamy

157 659 246 725 quae
269 634 405 711 anobis
427 646 506 703 sunt
525 635 613 702 mals
641 645 754 721 gesta,
784 633 996 717 reducimus,
1031 645 1064 700 ei
1088 657 1149 722 per

156 734 236 817 lice,
266 733 356 820 quod
382 731 465 800 ioris
494 735 657 819 patimur,
691 737 798 820 magis
831 736 921 801 intus
952 733 1043 821 quod
1069 733 1148 800 ieci·

154 853 230 898 mus
282 831 441 898 dolemus.
485 833 584 900 Unde
604 832 660 916 fit,
689 845 727 900 ut
747 836 835 900 inter
861 841 981 922 aperta
1009 831 1149 899 vulnera

156 929 307 1018 corporis
328 931 472 1020 amplius
497 953 559 999 ncs
579 930 698 999 abluat
726 933 827 1020 plaga
855 943 987 998 secreta
1011 933 1147 1011 ventris,

157 1031 239 1118 quia
263 1041 360 1097 sanat
379 1032 550 1119 nequitias
570 1033 669 1120 pravi
698 1033 810 1122 operis
837 1029 1002 1098 occultum
1027 1029 1148 1098 vulnus

156 1127 291 1198 doloris.
1090 1135 1097 1149 '

217 1227 426 1296 Admonendi
447 1240 526 1295 sunt
546 1232 657 1315 aegri,
691 1244 856 1316 quatenus
877 1231 1061 1318 patientiae
1083 1228 1148 1294 vir·

155 1337 258 1394 tutem
282 1342 431 1408 servent,
454 1339 492 1394 ut
512 1329 735 1412 incessanter,
755 1340 881 1416 quanta
902 1329 1148 1394 Redemtornc·

154 1438 225 1492 ster
246 1427 290 1492 ab
313 1428 384 1508 his,
419 1451 503 1515 quos
526 1439 717 1510 creaverat,
741 1427 880 1515 pertulit
900 1427 1011 1511 mala,
1041 1430 1148 1492 consi·

156 1527 286 1592 derant:
317 1526 406 1613 quod
427 1535 475 1592 tot
497 1527 635 1615 abjecta*
650 1527 873 1594 conviciorum
902 1525 1027 1615 probra
1049 1529 1148 1593 susti·
1220 1547 1221 1594 l

155 1626 244 1689 nuit:
275 1625 362 1711 quod
384 1625 423 1690 de
445 1647 545 1692 manu
568 1627 698 1714 antiqui
718 1626 822 1692 hostis
849 1629 1055 1713 captivorum
1076 1629 1147 1690 ani·

155 1745 228 1788 mas
258 1723 404 1810 quotidie
431 1725 567 1811 rapiens
594 1725 828 1792 insultantium
857 1725 977 1808 alapas
1005 1726 1149 1810 accepit:

156 1821 246 1908 quod
266 1843 357 1907 aqua
378 1823 495 1890 salutis
523 1847 584 1892 nos
611 1825 743 1892 diluens
771 1848 792 1890 a
820 1823 1019 1913 perfidorum
1041 1828 1148 1912 sputis

153 1921 276 1986 faciem
298 1945 364 1989 non
386 1923 573 1990 abscondit:
604 1924 693 2012 quod
714 1923 929 1990 advocatione
954 1946 1017 1988 sua
1031 1921 1058 2008 ¹)
1087 1945 1148 1988 nos

154 2017 199 2084 ab
221 2023 366 2087 aeternis
397 2022 568 2110 suppliciis
589 2023 734 2090 liberans
764 2025 886 2090 tacitus
906 2022 1044 2108 flagella
1065 2021 1148 2091 tole·

154 2121 258 2187 ravit:
287 2121 374 2210 quod
395 2123 483 2188 inter
502 2121 706 2207 Angelorum
727 2122 842 2189 choros
863 2145 1030 2211 perennes
1052 2121 1148 2187 nobis

151 2218 299 2296 ¹lionorcs
326 2221 479 2288 tribuens
506 2221 664 2308 colaphos
691 2223 841 2310 pertulit:
877 2223 965 2308 qnod
986 2245 1007 2287 a
1028 2241 1148 2308 pecca·

154 2327 264 2384 torum
291 2343 351 2387 nos
383 2319 618 2407 punctionibus
650 2322 785 2388 salvans
815 2324 920 2410 spinis
947 2331 1049 2409 caput
1071 2342 1149 2407 sup·

153 2438 278 2502 ponere
299 2441 367 2485 non
394 2421 578 2486 recusavit:
605 2421 693 2507 quod
721 2434 859 2488 aeterna
884 2445 944 2490 nos
973 2418 1148 2486 dulcedine
1222 2473 1223 2482 ,

154 2516 326 2584 inebrians
358 2521 392 2584 in
421 2521 476 2587 siti
508 2543 568 2586 sua
596 2520 686 2586 fellis
715 2521 970 2588 amaritudinem
1000 2518 1149 2604 accepit:

150 2616 262 2701 quod,
305 2619 363 2704 qui
390 2641 450 2706 pro
479 2619 575 2686 nobis
604 2620 754 2705 Patrem,
794 2623 946 2708 quamvis
974 2617 1148 2684 divinitate
1222 2637 1223 2690 1

155 2725 245 2782 essct
265 2719 436 2805 aequalis,
460 2718 629 2803 adoravit,
661 2720 723 2787 sub
744 2723 898 2788 irrisione
919 2719 1079 2786 adoratus
1100 2729 1149 2783 ta·

155 2815 238 2881 cuit:
260 2817 350 2902 quod
370 2819 473 2884 vitam
493 2823 632 2887 mortuis
653 2842 862 2908 praeparans
879 2840 987 2907 usquc
1002 2815 1047 2882 ad
1062 2839 1148 2883 mor·

152 2926 218 2980 tem
240 2915 312 3003 ipsc
335 2919 406 2983 vita
426 2921 589 3005 pervenit
638 2922 707 2988 Gur
731 2922 845 3008 itaque
867 2939 1021 3004 asperum
1043 2915 1147 2982 credi·

154 3023 230 3096 tur,
265 3025 302 3080 ut
322 3036 343 3080 a
365 3016 439 3084 Deo
462 3017 557 3087 homo
579 3022 697 3088 toleret
719 3017 855 3104 flagella
884 3040 944 3107 pro
971 3015 1085 3098 malis,
1119 3017 1148 3080 si

153 3123 251 3179 tanta
272 3114 369 3183 Deus
390 3118 435 3183 ab
465 3119 654 3188 hominibus
681 3117 817 3206 pertulit
839 3117 927 3183 mala
946 3138 1007 3204 pro
1028 3115 1148 3182 bonis?

152 3213 224 3280 Aut
246 3216 321 3301 quis
343 3239 426 3284 sana
454 3219 680 3305 intelligentia
707 3218 749 3284 de
770 3218 983 3307 percussione
1012 3235 1075 3280 sua
1096 3215 1146 3280 in·

87 3333 92 3344 ·
153 3325 270 3397 gratus
293 3318 435 3400 existat,
466 3317 495 3383 si
516 3319 588 3405 ipsc
610 3317 688 3385 hinc
709 3318 781 3385 sine
802 3315 937 3402 flagello
965 3337 1033 3381 non
1053 3315 1146 3392 exiit,

154 3413 212 3499 qui
232 3413 287 3480 hic
308 3417 380 3482 sine
400 3427 537 3504 peccato
559 3419 667 3484 vixit?

189 3637 208 3699 ¹)
225 3638 402 3702 „Advocatum
421 3638 547 3692 habemus
564 3641 633 3709 apud
652 3642 856 3695 PatrurnJesum
871 3641 1003 3694 christum
1018 3638 1144 3708 justun.“

222 3723 247 3778 1.
265 3723 340 3778 Joan.
358 3724 390 3794 2,
409 3725 433 3780 1.
