2462 4220
539 227 766 307 ..m..

147 401 326 472 verbnm
348 413 447 491 post
468 411 632 489 tergun
653 405 868 474 monentis.
888 407 914 495 ¹)
956 403 1149 478 Humanum

148 503 275 592 quippe
302 522 411 590 genus
439 501 644 572 Dominns
633 505 816 574 infaciem
836 510 981 592 monuit,
1012 509 1148 596 quando

147 602 186 668 in
202 599 367 696 paradiso
387 601 521 670 condito
537 601 669 672 homini
689 609 832 694 atquo
821 631 856 674 ιιι
877 607 984 674 libero
1005 607 1147 677 arbitrio

146 703 267 786 ιιιιιιὶ,
287 692 369 790 quid
389 701 516 784 facere,
539 704 665 792 quidve
687 706 888 774 nonfacere
911 708 1065 794 deberet,
1095 711 1146 776 in·

146 801 243 868 dixit.
287 801 353 876 Sed
386 800 520 870 homo
510 816 547 870 ιιι
565 804 640 870 Dei
657 804 777 872 faciem
804 817 902 894 terga
930 808 1041 892 dedit,
1072 831 1146 875 cum

145 899 348 990 superbiens
369 905 444 992 ejus
461 906 558 989 jusso.
576 907 761 972 contemsit.
803 907 875 974 Nec
891 918 1004 975 tamen
1025 931 1146 998 super-

144 997 290 1070 bientem
302 1001 398 1070 Deus
418 1004 577 1089 deseruit,
602 1006 661 1092 qui
681 1005 725 1072 ad
740 1006 966 1073 revocandum
977 1007 1146 1075 hommem

144 1099 270 1186 Legem
291 1101 400 1187 dedit,
432 1101 649 1170 exhortantes
669 1103 823 1190 Angelos
844 1107 950 1190 misit,
969 1109 1020 1172 in
1042 1127 1145 1174 carne

143 1210 280 1268 nostrae
291 1202 531 1271 mortalitatis
520 1207 779 1292 ipseapparuit.
816 1206 908 1292 Ergo
918 1215 996 1294 post
1010 1216 1143 1292 tergum

143 1310 238 1368 stans
258 1322 319 1370 nos
337 1303 519 1390 admonuit,
544 1304 603 1390 qui
625 1302 669 1368 ad
680 1305 968 1392 recuperationem
990 1329 1052 1372 noe
1065 1329 1143 1391 gra-

141 1403 211 1490 tiae
233 1405 334 1469 etiam
357 1413 540 1469 contemtus
562 1403 706 1468 vocavit.
750 1403 847 1485 Quod
873 1401 979 1490 igitur
1000 1417 1142 1490 genera·

140 1501 219 1570 liter
241 1502 339 1570 simul
367 1504 475 1587 potuit
496 1502 564 1567 dici
591 1501 632 1566 de
662 1505 809 1585 cunctis,
838 1507 901 1570 hoe
926 1527 1076 1570 necesse,
1091 1511 1143 1570 eet

140 1602 336 1691 specialiter
367 1603 485 1668 sentiri
513 1600 553 1666 de
577 1601 729 1686 singulis.
776 1602 883 1683 Quasi
912 1605 1000 1668 enim
1029 1625 1142 1670 coram

139 1704 215 1770 Deo
237 1702 368 1790 positus
390 1703 535 1788 quisquc
557 1700 661 1766 verba
682 1704 873 1770 monitionis
896 1703 969 1790 ejus
983 1703 1141 1790 percipit,

139 1823 216 1869 cum
236 1803 435 1889 priusquam
463 1809 604 1887 peccata
633 1811 823 1888 perpetret,
858 1802 1043 1870 voluntatis
1067 1804 1141 1889 ejus

138 1912 323 1993 praecepta
346 1901 524 1987 cognoscit.
568 1900 689 1966 Adhuc
711 1903 799 1966 enim
821 1913 900 1968 ante
919 1902 1041 1968 faciem
1066 1905 1141 1990 ejus

139 2014 229 2073 stare
252 2013 303 2068 est
324 2002 465 2068 necdum
487 2017 563 2068 eum
590 2001 760 2088 peccando
787 2011 1009 2067 contemnere.
1055 2003 1141 2070 (lum

64 2152 68 2155 -
138 2125 218 2171 vero
240 2101 401 2168 derelicto
423 2100 511 2167 bono
531 2101 743 2167 innocentiae
775 2103 987 2188 iniquitatem
1009 2103 1141 2188 eligens

139 2203 283 2292 appetit,
307 2205 380 2290 jam
402 2213 498 2286 terga
520 2202 557 2266 in
584 2202 658 2288 ejus
678 2200 799 2266 faciem
819 2203 931 2267 mittit.
975 2201 1044 2269 Sed
1065 2223 1142 2268 ecce

140 2301 253 2368 adhuc
272 2311 308 2366 et
328 2311 404 2385 post
426 2313 559 2386 tergum
579 2299 675 2364 Deus
696 2285 907 2389 subsequens
930 2310 1059 2385 monet,
1084 2301 1143 2388 qui

140 2405 242 2470 etiarn
264 2388 340 2489 post
362 2401 497 2487 culpam
512 2399 601 2466 adse
616 2393 726 2464 redire
739 2400 930 2486 persuadet.
972 2401 1141 2467 Aversum

140 2507 294 2587 revocat,
325 2505 501 2568 commissa
534 2523 600 2566 non
629 2499 787 2586 respicit,
821 2505 1002 2568 revertenti
1030 2503 1141 2569 sinum

140 2605 278 2696 pietatis
291 2601 461 2688 expandit.
505 2601 630 2667 Vocem
643 2621 723 2685 ergo
745 2610 820 2687 post
834 2611 964 2686 tergum
975 2604 1141 2669 monentis

141 2707 308 2786 audimus,
333 2705 362 2768 ei
381 2701 632 2768 adinvittntem
651 2723 711 2766 nos
725 2698 906 2768 Dominum
928 2702 1045 2769 saltem
1067 2714 1143 2790 post

141 2811 283 2896 peccata
312 2804 521 2868 revertimur.
564 2796 738 2882 Debemus
767 2801 871 2885 igitur
899 2805 1057 2888 pietatem
1085 2826 1141 2869 vo·

142 2905 252 2972 cantis
282 2901 495 2984 erubescere,
524 2903 553 2967 si
579 2901 747 2988 justitiam
765 2900 919 2966 nolumus
940 2901 1141 2986 formidare3

143 3005 223 3094 quia
245 3012 338 3070 tanto
357 2999 511 3088 'graviori
528 2998 741 3088 improbitate
756 3003 990 3086 contemnitur,
1015 3013 1141 3090 quanto

87 3111 91 3122 '
143 3111 184 3170 et·
198 3101 383 3170 contemtus
405 3101 516 3168 adhuc
537 3122 659 3168 vocare
681 3123 751 3166 non
772 3099 983 3186 dedignetur.

202 3209 248 3275 At
270 3214 387 3272 contra
417 3201 615 3266 admouendi
647 3209 724 3266 sunt
745 3210 883 3286 peccata
912 3203 1024 3268 carnis
1046 3204 1139 3288 igno·

143 3319 270 3390 rantes,
292 3314 332 3371 ut
353 3311 447 3368 tanto
475 3299 652 3368 sollicitius
674 3301 891 3385 praecipitem
918 3303 1050 3367 ruinam
1074 3325 1140 3368 me·

20 3471 21 3474 ,
142 3417 252 3490 tuant,
277 3413 402 3494 quanto
425 3400 648 3467 altius'sttnt.
690 3399 901 3467 Admonendi
915 3411 1003 3484 sunt,
1026 3411 1064 3468 ut
1085 3425 1141 3470 no·

38 3569 40 3573 ,
142 3509 272 3590 verint,
294 3503 375 3592 quia
397 3523 463 3588 quo
491 3499 599 3586 magis
621 3499 693 3568 loco
721 3501 921 3583 prominenti
941 3505 1139 3588 consistunt,

20 3607 22 3652 l
146 3625 443 3648 ...ιι-*-

20 3655 22 3682 l

180 3712 202 3782 ⁸)
218 3711 284 3765 Issi.
300 3708 344 3775 30,
361 3707 405 3766 20.
