2462 4220
442 257 690 326 ..203....

52 427 133 508 pc'r
168 443 316 489 manus
355 425 600 511 iniquorum
640 423 881 507 affigentes
918 425 1075 492 interr

52 521 249 603 emistis,
279 541 392 606 quem
415 522 529 586 Deus
551 520 785 588 suscitavit
807 521 965 588 solutis
988 522 1053 589 do·

52 617 233 683 loribus
255 619 415 684 inferni
437 622 481 706 ¹),
503 630 541 685 ut
561 618 719 686 videlicet
740 619 950 688 crudelitatis
969 643 1051 688 suae
1073 631 1077 641 '

52 717 249 800 cognitione
277 715 437 782 destructi
464 716 727 784 aedificationem
756 727 891 784 sunctae
919 718 1077 814 praedi,

52 817 217 897 cationis,
242 825 366 901 quanto
383 817 483 880 anxie
504 827 721 902 quaererent,
744 827 837 883 tanto
852 817 980 884 utiliter
995 839 1053 888 au·

50 915 176 980 dirent.
219 914 317 980 Unde
345 924 380 979 et
407 913 491 980 illico
513 913 775 1001 responderunt:
812 913 922 994 Quid
953 939 1053 1002 ergo

51 1013 281 1094 faciemus,
310 1013 395 1078 viri
419 1013 608 1078 fratres?
645 1013 777 1093 Quibus
805 1037 882 1080 mox
909 1013 1052 1086 diciturr

52 1113 186 1196 Agite
214 1113 543 1197 poenitentiam,
584 1123 623 1179 et
650 1111 895 1200 baptizetur
929 1137 1079 1192 unus,

55 1213 255 1298 quisque.
271 1222 462 1278 vestrum.
480 1211 506 1298 2)
560 1211 657 1292 Quae
685 1212 927 1280 aedificationis
948 1211 1052 1280 verbs

52 1311 207 1402 profecto
229 1321 492 1392 contemnerent,
516 1311 584 1378 nisi
604 1312 697 1397 prius
719 1311 900 1380 salubriter
920 1313 1053 1379 ruinam

53 1431 141 1478 sune
164 1409 397 1476 destructionis
418 1412 631 1478 invenissent.
671 1413 759 1478 Hinc
774 1422 839 1494 est,
864 1410 953 1497 quod
967 1411 1052 1478 Ssu-

52 1512 132 1593 lus,
154 1533 228 1576 cum
250 1533 350 1597 super
372 1533 446 1574 eum
469 1510 607 1577 coelitus
620 1511 681 1578 lux
695 1513 815 1578 emisse
828 1509 1050 1599 resplenduit,

54 1631 127 1676 non
142 1613 214 1698 jam
236 1611 318 1696 quid
338 1618 427 1676 recte
449 1609 586 1677 deberet
606 1611 733 1694 facere,
760 1611 822 1678 sed
845 1601 1052 1699 quid'prove

53 1709 211 1790 fecisset,
247 1710 384 1774 audivit.
429 1709 513 1776 Nsm
543 1731 618 1778 eum
648 1719 835 1798 prostratus
867 1705 1066 1799 requireret

54 1808 189 1873 dicens:
212 1809 314 1885 Quis
337 1800 379 1874 es
403 1808 600 1874 Domine?
633 1810 868 1897 Respondetur
885 1809 1053 1898 protinus:

56 1909 149 1992 Ego
179 1929 264 1972 sum
293 1906 420 1972 Jesus
452 1907 723 1990 Nazarenus,
754 1931 871 1994 quem
902 1918 944 1974 tu
967 1929 1053 1993 per·

55 2007 268 2094 sequeris.
313 2007 359 2072 Et
370 2029 443 2072 oum
458 2017 595 2091 repente
606 2007 841 2094 subjungeret:
865 2007 1052 2088 Domine,

56 2105 162 2192 quid
182 2126 240 2170 me
257 2103 390 2194 jubes
414 2106 585 2172 lacere?
616 2105 711 2172 Illioo
727 2105 936 2194 adjungitur:
959 2104 1053 2170 Sur·

56 2227 168 2292 gens
191 2205 420 2290 ingredere
449 2205 692 2285 civitatem,
724 2216 763 2270 et
791 2205 853 2270 ibi
882 2204 1056 2278 dicetur
1134 2237 1136 2242 v

56 2305 156 2385 tibi,
197 2303 293 2392 quid
325 2314 365 2370 te
397 2314 598 2390 ,oporteat
629 2304 787 2371 facere.
810 2302 837 2390 ³)
892 2305 979 2368 Eece
1012 2299 1055 2366 dc

57 2403 153 2470 coelo
181 2403 344 2471 Dominus
372 2404 510 2488 loquens
538 2405 761 2491 persecutoris
790 2407 843 2470 sui
870 2404 961 2470 fucta
982 2424 1054 2468 cor·

57 2504 183 2590 ripuit,
205 2527 268 2571 nec
287 2515 399 2570 tamen
421 2502 520 2585 illico,
544 2525 632 2591 quse
647 2513 758 2570 essent
773 2503 943 2586 facienda,
964 2523 1054 2566 mon·

60 2605 191 2670 stravit.
235 2604 323 2670 Ecce
352 2602 505 2670 elationis
533 2603 605 2689 ejus
632 2602 765 2668 fabrica
791 2605 864 2690 jem
894 2612 963 2670 tots
985 2621 1056 2667 cor·

58 2713 198 2785 ruerat,
234 2713 267 2768 et
287 2713 363 2790 post
383 2704 514 2768 ruinam
537 2725 628 2770 suum
655 2703 787 2770 humilis
814 2703 985 2770 eedifiosri
1005 2724 1058 2768 re-

60 2801 230 2889 quirebst3
259 2813 387 2870 etcum
410 2803 568 2888 superbia
589 2801 789 2884 destruitur,
813 2803 1058 2877 aedificationis

59 2914 175 2968 tomen
195 2901 299 2968 verba
320 2903 526 2984 retinentur3
548 2912 586 2968 ut
607 2900 766 2968 videlicet
787 2913 979 2990 perseeutor
997 2903 1057 2969 im·

60 3002 171 3068 manis
193 3001 250 3066 diu
273 3003 462 3068 destructus
480 3003 626 3088 jaceret,
650 3011 683 3066 et
704 3010 797 3066 tento
819 3011 895 3087 post
909 3005 944 3067 in
959 3000 1058 3068 bonis

62 3101 200 3170 solidius
222 3110 390 3186 surgeret,
425 3110 550 3187 quanto
576 3101 670 3189 prius
700 3099 851 3168 funditus
875 3122 1013 3166 eversus
1036 3120 1059 3163 e

60 3200 203 3288 pristino
235 3223 348 3266 errore
382 3199 566 3266 cecidisset.
614 3197 682 3278 Qui
716 3221 796 3284 ergo
824 3198 919 3264 nulle
948 3197 1060 3264 adhuc

61 3323 165 3386 agere
187 3300 276 3366 bons
297 3309 496 3386 coeperunt,
526 3323 547 3367 a
567 3299 736 3384 rigiditate
757 3308 858 3364 antea
879 3321 960 3373 suae
982 3319 1058 3386 pre·

61 3403 177 3468 vitetis
198 3399 415 3470 correctionis
436 3417 538 3465 menn
560 3398 732 3466 evertendi
753 3409 851 3479 sunt,
875 3405 913 3462 ut
931 3394 975 3463 sd
991 3405 1058 3478 sta,-

100 3589 198 3688 sus.
214 3617 240 3681 2,
258 3616 370 3673 22-24.
389 3647 421 3657 -
441 3617 464 3682 τ)
483 3617 540 3671 Au.
558 3616 582 3686 2,
600 3615 643 3674 sn.
660 3615 703 3673 ss.
722 3647 754 3657 -
774 3615 793 3682 ι
812 3617 870 3672 ros
888 3615 914 3684 s,
931 3615 957 3674 ι.
976 3593 1067 3672 susi

78 3771 83 3782 ,
134 3706 194 3760 Act.
210 3703 254 3772 22,
271 3701 297 3758 ἃ
315 3708 364 3756 etc.
487 3773 490 3778 Ι
