2462 4220
580 251 808 324 ¹-th-

192 419 419 514 quodlicet,
448 419 602 490 idieimm
632 419 721 488 iecit.
765 417 936 506 Scriptum
967 421 1096 510 qnippe
1130 430 1185 490 ert:
1218 483 1220 526 4

186 521 321 594 'Nemo
349 522 528 590 mittens
557 541 721 588 menum
754 539 868 588 auam
901 517 953 586 ad
986 530 1184 604 aratrum,

195 631 240 694 ‚et
260 621 519 708 respicient
540 630 676 703 retro,
707 630 835 707 aptus
857 628 924 685 eet
944 641 1085 705 regno
1107 641 1183 688 coe·

194 719 344 788 lorum.
365 721 391 807 ¹)
444 718 513 800 Qui
547 720 650 804 igitur
679 719 809 788 fortiori
843 717 952 784 studio
988 719 1183 800 intenderat,

194 830 287 888 retro
313 820 523 888 convincitur
549 821 735 906 respicere,
765 819 796 884 ei
822 817 947 888 relictio
975 817 1184 907 amplioribur

194 918 291 990 bonis
312 917 356 985 ed
375 920 513 997 minima
533 928 756 1006 retorquetur.

494 1063 895 1186 onrur'xxvrn.

195 1263 375 1333 Quomodo
402 1262 620 1314 admonendi
649 1267 799 1330 peecata
825 1262 952 1316 carnis
976 1264 1140 1330 experti²
1162 1265 1185 1313 et
1216 1281 1220 1350 p

537 1361 653 1400 eorum
679 1354 846 1417 expertes.

257 1483 366 1550 Aliter
387 1482 586 1550 admonendi
597 1494 675 1550 sunt
692 1492 903 1572 peccatorum
921 1487 1034 1549 carnia
1056 1483 1185 1566 conscii,

196 1593 298 1672 atque
320 1585 420 1649 aliter
433 1583 561 1667 ignari.
603 1581 814 1649 Admonendi
840 1605 986 1672 namque
1014 1592 1097 1648 eunt
1118 1603 1185 1672 peo-

196 1696 273 1760 oata
294 1684 406 1749 carnis
428 1683 571 1770 experti,
592 1693 733 1748 utmare
746 1683 867 1749 saltem
887 1692 963 1771 post
977 1681 1186 1768 naufragium

194 1792 357 1865 metuant,
378 1790 413 1848 et
432 1780 630 1869 perditionis
653 1803 734 1847 anae
761 1780 958 1848 discrimina
979 1781 1035 1848 vel
1057 1783 1186 1868 cognita

195 1881 467 1982 perhorrescant3
488 1904 531 1948 ne
554 1883 613 1968 qui
633 1883 688 1968 pie
703 1889 779 1967 poet
793 1892 989 1970 perpetrata
1009 1882 1103 1949 mela
1127 1903 1185 1948 ser·

195 1983 267 2050 vati
288 1990 375 2066 eunt,
398 1981 481 2047 haec
493 1977 641 2068 improbe
663 1980 846 2070 repetendo
857 1984 1050 2052 moriantur.
1093 1979 1185 2048 Unde

195 2081 350 2174 peccanti
379 2084 511 2148 animae
542 2090 575 2146 et
604 2103 787 2168 numquam
808 2104 829 2146 a
857 2091 995 2168 peccato
1026 2079 1186 2149 desinenti

196 2183 332 2250 dicitur:
355 2181 494 2249 Frons
516 2179 708 2248 mulieris
730 2183 970 2248 meretricis
992 2181 1109 2250 facta
1132 2190 1186 2248 est

195 2281 291 2364 tibi,
326 2279 515 2347 noluisti
544 2277 810 2346 erubescere.
829 2273 856 2368 2)
899 2279 1111 2349 Admonendi
1134 2283 1185 2347 ita·

195 2404 262 2472 que
284 2387 373 2462 eunt,
396 2389 435 2446 ut
456 2377 631 2463 studeant,
655 2391 821 2468 quatenus
844 2381 873 2446 ei
894 2390 1032 2470 accepto
1050 2391 1185 2448 naturae

195 2481 284 2548 bona
304 2481 438 2563 integra
450 2501 586 2544 servare
607 2480 797 2566 noluerunt,
821 2479 941 2547 saltem
958 2481 1063 2546 soiaaa
1085 2502 1185 2552 resar-

196 2583 296 2650 ciant.
341 2578 476 2662 Quibus
496 2579 653 2647 nimirum
674 2603 811 2646 necesse
835 2589 898 2664 eet,
920 2591 957 2647 ut
969 2579 1185 2670 perpendant,

196 2685 232 2749 in
260 2691 329 2747 tam
359 2701 480 2765 magno
507 2677 653 2746 fidelium
687 2702 823 2748 numero
854 2702 955 2770 quam
982 2681 1082 2748 multi
1103 2694 1137 2749 et
1157 2704 1185 2748 ec

197 2780 348 2848 illibatos
370 2779 575 2862 custodient,
606 2788 638 2844 et
659 2777 744 2846 alioe
771 2780 815 2846 ab
840 2803 953 2848 errore
984 2790 1186 2848 convertant

198 2879 290 2961 Quid
312 2901 392 2964 ergo
413 2881 470 2946 isti
500 2879 622 2945 dicturi
644 2889 739 2962 eunt,
778 2880 806 2944 ei
835 2880 914 2946 aliie
936 2881 971 2946 in
999 2883 1186 2970 integritate

198 2979 366 3047 stantibus
392 2981 466 3070 ipsi·
483 2999 547 3044 neo
575 2988 650 3066 poet
677 2977 799 3047 damna
826 2981 1058 3067 resipiscunt?
1105 2980 1187 3064 Quid
1216 3023 1218 3082 p

92 3135 96 3144 ,
198 3079 321 3148 dicturi
343 3089 441 3163 aunt,
473 3079 502 3145 ei
523 3101 597 3145 cnm
618 3077 715 3144 multi
736 3087 769 3144 et
791 3077 876 3147 alios
904 3103 1016 3148 secum
1039 3079 1187 3150 deferunt

196 3179 243 3248 ud
267 3203 428 3267 regnum,
456 3177 492 3242 hi
519 3180 712 3268 expectanti
731 3177 877 3248 Domino
904 3202 968 3248 nec
995 3185 1186 3272 semetipsos

195 3281 385 3351 reducunt?
426 3277 635 3346 Admonendi
654 3289 743 3362 eunt,
766 3290 805 3346 ut
817 3281 1001 3368 praeterita
1017 3285 1187 3350 commissa

195 3381 409 3448 considerent
429 3387 464 3444 et
484 3379 691 3446 imminentia
722 3378 881 3446 devitent.
924 3381 1023 3448 Unde
1045 3383 1113 3450 nub
1133 3385 1185 3452 du·

196 3479 303 3546 daeee
325 3479 437 3564 epeoie
466 3499 525 3564 per
550 3479 747 3567 prophetam
774 3479 941 3549 Dominus
970 3485 1186 3574 corruptiein

233 3725 253 3794 ¹)
270 3725 335 3785 me
351 3724 378 3794 o,
395 3722 439 3777 er.
456 3751 490 3764 -
508 3723 527 3792 ²>
543 3726 597 3784 re.
614 3725 639 3796 3,
654 3726 683 3794 3.
736 3777 739 3782 .
