2462 4220
561 271 607 312 ·-..
644 232 707 311 aa
748 271 788 286 -

200 404 373 490 miculam,
397 402 478 488 quia
496 400 711 490 judicium
735 399 1011 468 durissimum
1032 404 1120 470 fiet
1139 406 1180 480 iu

175 430 260 570 lis,
285 485 357 576 qui
377 495 616 574 praesunt,
639 493 677 548 ut
698 482 780 551 dicit
802 481 986 574 Sapientia.
1005 483 1031 574 ¹)
1098 552 1101 561 ,

237 653 302 720 111.
335 651 382 723 In
404 647 584 718 Nomine.
628 649 698 716 Ubi
715 661 806 730 nota,
832 649 921 734 quod
944 647 1110 738 Christus
1125 655 1180 719 ha-

175 737 250 807 buit
271 735 355 822 quin
381 755 423 798 ue
445 735 598 815 nomina,
634 755 720 822 quae
742 731 965 819 spiritualiter
985 759 1105 811 omnes
1127 737 1180 802 de·

174 819 295 885 berent
318 757 444 882 haltere
467 815 627 881 Praelati.
671 815 818 881 Primum
841 838 961 880 nomen
983 829 1035 882 est
1058 819 1179 888 chri-

175 901 620 986 stus:Dequanatus
646 897 928 978 estJESUS,
960 903 1040 984 qui
1063 925 1180 968 voca·

173 995 249 1050 tur
278 984 495 1051 Christus.
511 981 538 1063 ²)
582 982 623 1047 Id
647 991 699 1047 est
718 992 840 1046 unctus
861 980 944 1063 oleo,
967 982 1099 1050 scilieet
1120 986 1178 1050 mi·

175 1065 391 1134 sericordiae.
426 1064 525 1129 Unde
556 1067 566 1129 i
594 1087 628 1129 se
653 1065 803 1138 dicebat:
838 1063 985 1137 Estote
1007 1068 1178 1132 miseri·

174 1152 332 1217 cordes.
352 1149 378 1234 3)
425 1146 528 1212 Tales
558 1087 720 1214 <liberent
749 1169 822 1212 esse
850 1147 1018 1230 Praelati,
1051 1150 1179 1215 scilicet

174 1235 317 1320 compati
341 1230 486 1296 subditis
508 1241 542 1294 et
565 1230 745 1296 subvenire
774 1231 823 1296 eis
846 1252 906 1336 pro
954 1254 1039 1296 osse.
1086 1233 1179 1298 Sicut

173 1315 253 1382 fecit
276 1315 452 1396 Christus,
488 1315 547 1401 qui
568 1313 647 1378 licet
680 1323 770 1377 esset
792 1309 857 1378 aibr
890 1254 985 1379 valde
1007 1326 1176 1395 austerus,

172 1407 287 1464 tamen
308 1397 384 1463 aliis
404 1398 470 1462 fuit
490 1397 590 1462 valde
611 1398 819 1478 misericors,
840 1403 877 1460 ut
899 1405 992 1482 patet
1015 1397 1058 1462 de
1082 1399 1142 1463 Ma
1167 1433 1177 1445 ·

173 1482 306 1562 dalens,
331 1481 372 1546 de
394 1479 570 1562 Adultera,
593 1479 634 1543 de
656 1478 827 1560 Cananea,
851 1479 891 1543 de
915 1478 1118 1561 Publicano,
1139 1420 1177 1546 tle

172 1564 332 1645 Latrone,
356 1560 481 1649 quibus
497 1560 650 1628 omnibus
663 1561 925 1626 misericordiam
942 1561 1030 1628 fecit.
1078 1564 1176 1630 Unde

175 1643 433 1734 chrysostomus
465 1667 565 1733 snper
586 1643 734 1710 Matth.
778 1645 840 1726 „Si
869 1643 963 1710 Deus
994 1647 1175 1733 benignus,

172 1725 314 1816 utquid
337 1725 493 1794 sacerdos
517 1729 592 1814 ejus
615 1727 802 1792 austerus?
822 1727 884 1792 Vis
907 1751 1076 1816 apparere
1102 1753 1175 1796 san·

173 1813 274 1878 ctus?
311 1809 409 1876 Circa
430 1819 525 1875 tuam
552 1809 655 1874 vitam
685 1819 755 1875 esto
778 1821 951 1892 austerus,
980 1813 1070 1878 circa
1094 1813 1174 1881 alie·

173 1917 251 1960 uam
265 1901 378 1963 autem
392 1891 568 1980 benignus.
598 1893 750 1959 Audiant
762 1903 795 1957 te
805 1894 930 1959 fratres
950 1917 1061 1984 parva
1086 1919 1173 1961 man·

173 1976 319 2074 dantem,
344 1987 377 2040 et
398 1977 542 2077 grandia
564 1975 703 2042 videant
723 1976 942 2041 facientem.“
979 1978 1063 2056 Item
1093 1986 1173 2045 tire·

172 2061 287 2148 gorius
321 2057 560 2125 Nazianzenus
590 2060 625 2124 in
652 2057 958 2145 Apologetiuo‘
983 2079 1078 2130 suo:
1112 2059 1175 2142 Qui
1217 2119 1218 2144 ,

172 2143 248 2210 eliis
274 2154 426 2232 praeest,
458 2143 548 2207 omni
571 2163 672 2228 opere
694 2151 770 2230 post
791 2154 921 2230 tergum
945 2146 1053 2230 posito
1077 2143 1172 2231 proli·

172 2247 247 2292 cere
267 2227 304 2290 in
326 2226 460 2310 optimis
482 2226 648 2302 convenit,
672 2226 721 2289 ita
742 2236 780 2290 ut
801 2225 1103 2314 possitprolectus
1126 2226 1173 2290 sni

172 2307 327 2406 exemplo
354 2309 499 2374 invitare
532 2301 565 2371 et
597 2307 734 2378 allicere
764 2319 914 2374 caeteros
940 2307 985 2373 ad
1015 2311 1172 2374 virtutem
1216 2371 1217 2426 ,

170 2411 353 2543 fraecrpue
400 2413 436 2456 er
465 2386 662 2456 humilitatis
684 2412 705 2454 a
726 2390 869 2456 Domino
892 2388 990 2458 nobis
1013 2391 1171 2458 traditam

186 2497 321 2542 ormam.
399 2497 442 2540 on
465 2475 553 2540 enim
575 2483 704 2561 oportet
718 2473 820 2540 velvi
841 2473 893 2538 vel
908 2497 951 2540 ex
973 2475 1171 2541 necessitate

170 2557 413 2642 constringere,
438 2557 496 2622 sed
518 2559 648 2621 ratione
672 2567 704 2621 et
727 2557 817 2622 vitae
831 2557 995 2644 exemplis
1018 2555 1172 2638 suadere,
1215 2631 1216 2636 γ

172 2642 330 2729 quoniam
354 2663 469 2722 omne,
502 2638 669 2725 quidquid
701 2650 921 2728 extorquetur
943 2643 1078 2721 invitis,
1102 2660 1171 2706 cum
1215 2649 1216 2666 ¹

170 2746 222 2804 eo,
247 2723 335 2813 quod
356 2724 568 2812 tyrannicum
591 2721 740 2807 videtur,
773 2745 837 2788 nec
859 2745 1080 2809 perseverare
1104 2723 1171 2809 qui·

171 2803 245 2870 dem
292 2819 391 2890 otest3
420 2803 505 2871 solet
526 2807 613 2870 enim
637 2806 793 2886 deficere,
822 2806 988 2893 quidquid
1009 2805 1172 2874 violenter

170 2827 374 2974 extralitur,
394 2892 481 2954 siout
501 2887 658 2953 novellae
681 2889 813 2954 arboris
826 2891 933 2978 siquis
955 2891 991 2954 in
1013 2909 1172 2954 cacumen

170 2971 327 3056 inclinet,
356 2973 510 3037 relaxata
533 2993 652 3036 rursus
673 2973 708 3036 in
732 2970 784 3054 id,
815 2969 905 3060 quod
925 2971 1052 3053 iuerat,
1078 2971 1171 3038 redit

169 3054 269 3135 Quod
292 3070 404 3122 antem
427 3077 470 3119 ex
498 3056 667 3140 proposito
690 3053 727 3118 fit
750 3067 782 3118 et
811 3053 1003 3136 voluntate,
1034 3065 1104 3122 tarn
1128 3053 1170 3118 le·

169 3139 321 3222 gitimum
345 3159 444 3223 quam
467 3148 593 3202 certum
617 3145 684 3222 eat,
710 3133 927 3202 validissimis
950 3135 1080 3204 scilicet
1103 3139 1170 3201 vin·

170 3221 257 3288 culis
279 3222 438 3308 propriae
460 3219 646 3286 voluntatis
663 3221 867 3286 adstrictum.
904 3219 975 3286 Nec
996 3219 1057 3288 huc
1081 3222 1170 3287 dixe·

168 3306 242 3386 rim,
264 3317 301 3369 ut
321 3302 498 3370 Praelatus
520 3325 587 3370 non
609 3303 730 3368 debeat
747 3302 922 3369 emendare
948 3315 982 3368 et
1004 3306 1170 3390 corrigere
1212 3331 1213 3366 ;

171 3387 422 3475 delinquentem
446 3388 493 3452 sic
516 3388 604 3453 enim
626 3398 753 3454 remota
770 3388 905 3474 justitia
926 3397 1095 3454 cresceret
1116 3389 1169 3453 irn-

204 3632 228 3701 ¹)
254 3632 316 3703 Sap.
342 3633 373 3702 6,
399 3633 426 3688 6.
450 3661 485 3674 ·-
509 3631 531 3702 ²)
557 3634 650 3688 Matth.
676 3633 706 3702 1,
733 3632 774 3686 ro
799 3661 833 3672 -
852 3631 871 3701 ³)
889 3632 952 3688 Luc.
974 3631 1007 3702 6,
1035 3631 1081 3699 36,
