2468 4218
458 309 504 351 -'
541 297 604 366 155
645 315 692 352 -·

76 461 172 542 duit,
197 485 281 548 quos
305 472 421 528 contra
444 485 478 529 se
502 462 650 548 graviter
671 465 784 532 unitos
806 465 900 546 vidit,
920 485 994 531 eum
1011 467 1096 532 cla

77 563 186 628 mavit
206 560 336 628 dicens:
374 562 467 626 viri
494 560 677 645 iratres,
707 585 784 649 ego
807 563 1095 634 Pharisaeus

78 683 186 742 sum,
216 659 345 725 silius
378 659 732 743 Pharisaeorum,
762 661 810 727 de
844 685 917 749 spe
947 674 989 729 et
1015 687 1074 730 re·

77 761 353 827 surrectione
368 769 618 824 mortuorum
638 781 710 844 ego
722 759 909 847 judicor.
922 760 948 850 ¹)
970 763 1075 831 Duru·

76 883 146 948 que
169 857 358 924 Sadducaei
387 879 480 946 spem
505 861 845 947 resurrectionemque
872 873 1077 929 mortuorum

76 981 154 1026 esse
176 958 394 1042 denegarent,
418 979 518 1044 quam
532 956 711 1023 Pharisaei
727 960 828 1045 juxta
845 962 933 1025 sacri
949 963 1076 1050 eloquii

75 1067 260 1146 praecepta
281 1056 472 1140 crederent,
501 1057 592 1123 facta
609 1059 657 1122 *in
677 1069 927 1143 persecutorum
955 1065 1075 1128 unani-

75 1157 194 1222 mitate
218 1154 380 1221 dissensio
403 1164 469 1237 est,
494 1166 527 1221 et
548 1155 659 1222 divisa
680 1154 781 1222 turba
793 1155 932 1222 illaesus
947 1158 1076 1228 Paulus

75 1257 202 1339 exivit,
236 1277 322 1342 quae
354 1253 444 1319 hunc
477 1257 573 1320 unita
594 1256 688 1342 prius
720 1256 908 1320 immaniter
942 1259 1074 1344 pressit.

74 1354 289 1423 Admonendi
309 1355 422 1440 itaque
444 1357 538 1437 sunt,
563 1357 621 1441 qui
642 1355 818 1420 faciendae
840 1357 935 1442 pacis
956 1357 1075 1422 studiis

74 1463 302 1540 occupantur,
333 1462 372 1518 nt
397 1465 576 1540 pravorum
603 1451 770 1518 mentibus
803 1455 899 1540 prius
931 1477 1093 1521 amorem·

75 1552 226 1618 debeant
241 1554 393 1617 internae
410 1553 503 1639 pacis
519 1553 713 1633 infundere,
738 1565 904 1638 quatenus
918 1557 967 1618 eis
982 1565 1073 1642 post·

72 1652 207 1719 modum
228 1652 340 1718 valeat
361 1654 506 1718 exterior
527 1675 596 1738 pax
616 1651 790 1738 prodesse:
811 1662 849 1720 ut
870 1653 948 1719 dum
961 1677 1074 1720 eorum

49 1776 134 1818 vcor
155 1753 189 1816 in
218 1752 307 1818 illius
336 1753 524 1837 cognitione
541 1753 566 1835 ²)
596 1752 829 1836 suspenditur,
859 1775 1073 1841 nequaquam

74 1853 120 1918 ad
141 1853 326 1938 nequitiam
356 1873 398 1916 ex
425 1847 526 1938 hujus
554 1853 766 1936 perceptione
789 1854 954 1939 rapiatur:
984 1853 1074 1919 dum·

75 1973 143 2036 que
167 1973 347 2037 supernam
368 1950 546 2038 provident
554 1996 564 2028 ,
596 1958 765 2014 terrenam
793 1949 889 2016 nullo
911 1951 1008 2019 modo
1030 1954 1074 2018 ad

74 2071 173 2114 usum
197 2073 278 2115 suae
301 2047 568 2116 deteriorationis
586 2046 755 2114 inclinent.
799 2047 882 2114 Cum
897 2072 977 2116 vero
997 2075 1072 2139 per-

76 2151 168 2214 versi
190 2153 315 2237 quique
337 2149 425 2215 tales
449 2158 544 2228 sunt,
571 2157 608 2211 ut
629 2169 752 2213 nocere
774 2146 871 2214 bonis
892 2160 1073 2236 nequeant,

75 2251 209 2314 etiamsi
230 2251 484 2336 concupiscant,
513 2247 599 2312 inter
619 2245 680 2312 hos
709 2247 863 2312 nimirum
885 2245 985 2312 debet
1007 2257 1072 2314 ter·

75 2370 160 2413 rena
181 2372 250 2436 pax
272 2349 437 2431 construi,
471 2357 505 2412 et
526 2348 722 2434 priusquam
746 2345 790 2410 ab
814 2347 862 2410 eis
884 2344 997 2410 valeat
1018 2367 1071 2410 su·

75 2469 184 2537 perna
197 2449 366 2533 cognosci:
387 2456 426 2513 ut
438 2446 473 2511 hi
486 2448 623 2529 seilicet,
645 2467 728 2533 quos
738 2443 1072 2511 contradilectioriem

75 2547 143 2612 Dei
156 2547 283 2614 malitia
301 2569 382 2614 suae
396 2547 578 2635 impietatis
589 2555 781 2631 exasperat,
805 2543 923 2610 saltem
943 2566 986 2607 ex
995 2564 1070 2629 pro·

75 2648 159 2711 ximi
180 2669 290 2714 amore
312 2655 567 2728 mansuescant3
595 2655 629 2712 et
650 2646 750 2732 quasi
772 2665 790 2708 e
812 2644 922 2709 vicino
945 2642 988 2708 ad
1003 2663 1070 2707 me-

75 2745 143 2811 lius
171 2757 364 2828 transeant,
395 2755 433 2812 ut
454 2745 497 2810 ad
527 2745 635 2823 illam,
666 2765 754 2830 quae
783 2763 805 2806 a
826 2763 862 2806 se
884 2741 985 2826 longe
1008 2752 1071 2825 est,

75 2836 205 2933 pacem*
217 2845 408 2913 Conditoris
430 2841 622 2910 ascendant

387 3027 594 3094 CAPUT
630 3023 759 3090 XXIV.

76 3167 255 3234 Quomodo
288 3163 621 3218 admonendirudee
647 3161 873 3214 nidoclmna
897 3165 1072 3224 sacra,ot

337 3250 443 3314 docti,
472 3249 618 3302 sednon
645 3247 807 3300 humiles.

140 3387 249 3452 Aliter
271 3383 474 3452 admouendi
495 3393 590 3464 sunt,
627 3384 685 3469 qui
706 3402 821 3448 sacrae
841 3379 944 3464 Legis
966 3377 1072 3445 verba

76 3510 145 3558 uon
168 3499 257 3554 recte
278 3483 483 3570 intelligunt3
509 3494 609 3568 atque
626 3483 741 3560 aliter,
766 3481 925 3568 quirecte
939 3478 1074 3570 quidem

76 3587 288 3672 intelligunt,
312 3584 371 3650 sed
391 3583 475 3650 haec
496 3581 662 3648 humiliter
685 3579 963 3666 conloquuntur.
1003 3575 1074 3658 Ad-¹

115 3770 134 3835 ¹)
152 3771 211 3822 Aet.
228 3767 270 3835 23,
289 3767 312 3822 6.
334 3793 363 3805 -
385 3764 408 3834 ¹)
428 3763 491 3818 mit.
509 3759 671 3828 cogitatione.
