2468 4218
455 289 492 301 -
536 235 601 320 its
642 285 681 302 ·-

132 398 178 480 ιιι
199 396 311 481 unierit
331 415 573 505 nonnunquam
594 399 705 481 dicere
722 401 852 482 beleni:
886 396 1066 484 Uonbess'is

65 518 212 599 utimur,
230 515 348 580 aliena
366 526 436 582 nen
466 517 674 604 quaerimus,
704 515 738 581 e't
760 509 788 581 ti
809 513 913 600 'di'gna
940 512 1066 583 iniseri-

65 614 201 681 cordiae
223 615 442 682 retributione
470 639 536 682 non
559 617 706 700 agimus,
732 613 828 682 'nulla
849 623 959 681 tam'en
987 639 1064 706 per-

65 719 169 782 ve'rsa
189 715 428 830 perpetramus.
475 715 574 796 Quod
592 715 714 780 ideireo
730 715 888 799 sentiunt,
913 719 993 807 quia
1013 717 1063 784 ιι·

51 813 214 884 'delicet
210 815 324 916 aurern
346 813 455 882 cordis
477 839 498 880 a
520 811 633 882 verbis
662 811 861 880 coelestibus
890 815 1064 884 el'auduirt.

63 915 186 1002 Neque
209 906 295 981 enini
312 917 437 981 dives
418 939 453 981 ιιι
468 908 700 1000 Evangelio,
694 915 751 1007 qui
772 913 994 982 induebatur
984 940 1065 1008 pur

63 1016 154 1105 p'ura
177 1027 209 1080 et
226 1015 350 1104 bysso,
380 1017 440 1103 qui
469 1013 674 1101 epulabatur
700 1001 847 1130 quetidie
869 1013 1062 1116 splendide,

64 1115 196 1182 aliena
200 1117 365 1203 rapuisse,
389 1115 447 1181 sed
468 1115 675 1182 infructuose
693 1114 839 1204 propriis
852 1137 934 1179 usus
955 1105 1063 1182 ¹'fuisse

62 1204 272 1305 perhibetur,
296 1213 439 1305 eumque
460 1224 535 1302 post
556 1213 643 1278 hanc
658 1215 762 1278 'vitam
776 1208 883 1280 ultrix
904 1213 1063 1308 gehenna

63 1317 223 1402 suscepit,
248 1321 313 1382 'non
336 1316 416 1404 qnia
438 1314 568 1402 aliquid
587 1312 739 1379 illicitum
761 1315 876 1404 gessit,
899 1313 958 1380 se'd
981 1313 1063 1401 q‘u'ia

64 1415 279 1482 immoderato
300 1439 364 1481 usu
386 1424 491 1480 toturn
515 1436 550 1479 se
571 1413 671 1478 licitis
693 1404 841 1478 tradidit.
858 1409 883 1500 ¹)
935 1494 937 1502 Α

122 1501 335 1582 Ᾰιιιιιοιιειιᾶι
358 1520 436 1580 sunt
447 1515 594 1597 tenaces,
617 1525 654 1580 ut
674 1515 837 1601 noverint,
862 1509 951 1612 quod
972 1504 1063 1584 hane

61 1617 204 1702 primam
218 1615 377 1704 injuriam
398 1615 527 1682 faciunt
542 1613 629 1697 Deo,
653 1635 734 1704 quta
746 1613 840 1680 dant1
862 1603 973 1680 sibi
950 1617 1064 1686 omnia

60 1696 186 1782 nuiiam
215 1713 461 1782 misericordiae
482 1701 632 1780 hostiam
659 1710 812 1782 reddunt
854 1709 944 1781 Hine
972 1713 1062 1784 enim

59 1817 236 1926 psalmista
255 1815 316 1882 ait:
342 1809 431 1882 Non
446 1813 578 1879 dabit
599 1814 687 1882 D'eo
703 1813 1063 1904 propitiationem
1163 1817 1166 1822 ’

62 1919 207 1999 suam,
237 1937 322 1981 nec
348 1917 537 2024 pretium
573 1907 862 1980 redemtionis
894 1911 1062 1984 animab

61 2016 176 2081 suae.
192 2013 219 2104 ²)
262 2015 351 2082 Pret
329 2021 410 2082 ιιιιιιι
433 2039 576 2104 namque
587 2011 800 2082 redemtronrs
814 2013 894 2081 dare
909 2026 960 2080 est
975 2038 1061 2104 opus

57 2115 181 2182 bonum
204 2117 435 2204 praevenienti
455 2140 515 2182 nos
527 2115 657 2202 gratiae
671 2084 820 2180 redtiere.
856 2112 944 2180 Ηιιιιι
955 2113 1060 2181 Joan

59 2239 120 2282 nes
143 2215 320 2299 exclamat,
344 2215 471 2281 dicens:
498 2213 519 2279 J
528 2239 587 2281 am
611 2215 778 2280 securis
801 2209 850 2280 ad
872 2213 1060 2280 radicem

59 2313 228 2381 arboris
251 2318 386 2403 posita
412 2325 480 2381 est.
524 2315 664 2381 Omnis
686 2309 827 2398 arbor,
851 2337 955 2402 quae
978 2335 1059 2382 non

57 2417 173 2480 iacit
193 2413 371 2481 fructum
393 2415 567 2497 bonum,
598 2412 841 2494 excidetur,
871 2425 912 2480 et
935 2415 977 2479 in
998 2394 1058 2499 ig·

58 2536 145 2579 nem
168 2511 368 2580 mittetur.
379 2514 406 2602 ³)
436 2503 503 2596 Qui
517 2537 594 2600 ergo
609 2539 645 2581 se
659 2517 825 2598 innoxios,
850 2515 930 2602 quia
945 2512 1058 2580 aliena

57 2636 127 2678 non
151 2614 298 2700 rapiunt,
321 2616 511 2696 aestimant,
535 2615 636 2680 ictum
659 2615 785 2680 securis
804 2614 936 2679 vicinae
957 2635 1057 2702 prae·

56 2711 207 2795 videant,
230 2714 440 2801 ettorpor'em
455 2713 661 2800 improvidae
684 2713 875 2780 securitatis
887 2715 1058 2800 amittant3

53 2807 100 2876 ¹n'e
124 2834 199 2876 eum
220 2811 308 2876 ferre
323 2809 467 2878 fructum
488 2811 567 2878 boni
582 2814 693 2899 operis
705 2811 891 2898 negligunt,
915 2833 936 2876 a
958 2833 1056 2900 prae·
1104 2897 1106 2902 ,

54 2905 146 2978 senti
169 2912 237 2976 vita
265 2911 417 2977 funditus
449 2913 544 3000 quasi
558 2930 593 2976 'a
614 2910 798 2978 viriditate·
813 2911 937 2979 radicis
960 2935 1056 2979 exse·

54 3022 182 3077 centur.

120 3113 169 3176 'At
188 3119 302 3176 eontra
325 3107 523 3176 admonendi
546 3121 638 3193 sunt,
663 3111 721 3199 qui
743 3121 775 3180 et
796 3113 854 3195 ea,
883 3133 970 3198 quae
992 3109 1054 3178 ha·

54 3209 156 3290 bont,
181 3191 340 3276 tribuunt
367 3219 400 3274 et
422 3207 534 3274 aliena
565 3209 684 3298 rapere
705 3206 771 3276 no'u
794 3209 975 3293 desistunt,
1009 3209 1054 3278 ne

53 3309 155 3376 balde
176 3307 321 3374 munifici
343 3307 449 3374 videri
463 3317 635 3396 appetant,
655 3319 688 3376 et
710 3308 751 3375 de
763 3307 844 3376 bom
866 3306 975 3398 specie
998 3307 1054 3376 de·

53 3408 195 3478 te'riores
206 3409 297 3475 fia'nt.
326 3407 370 3472 Hi
393 3409 525 3474 etenim.
519 3431 663 3496 propria
673 3409 851 3476 indiscrete
863 3409 1053 3504 tribuentes

53 3511 122 3577 iton
146 3506 266 3592 solum,
287 3517 325 3622 ut
347 3529 451 3593 supra
467 3508 541 3595 jain
564 3503 724 3592 diximus,
754 3507 801 3574 ad
821 3509 1051 3598 impatientiae

81 3718 187 3789 ¹)Lne.
203 3705 247 3788 16,
267 3719 361 3776 te-
326 3721 400 3787 -·²)
421 3721 464 3776 Ριι.
482 3714 621 3788 sm·-
641 3717 660 3786 ³)
678 3718 748 3872 Lus.z
760 3721 828 3790 3,.
