2486 4222
570 211 816 286 -xIv-

195 465 260 533 cop.
278 465 364 518 XXV.
401 467 534 534 Quomodo
559 467 727 532 admonendi,
757 465 938 536 omonimum
965 468 1102 536 praediea·
1125 381 1196 450 hg.

248 568 322 620 tionis
341 569 422 620 nImin
439 568 584 622 hnmiliinte
602 571 748 637 detrectant,
765 575 791 624 et
808 571 853 638 qui
871 571 1004 640 praecipiti
1023 568 1101 624 festi-

213 673 350 723 *natione
368 677 496 739 occupent
551 708 944 728 ......
962 719 964 724 .
1016 711 1022 724 .
1095 712 1101 725 .
1139 675 1200 729 160

193 773 256 844 om.
275 775 375 826 XXVI.
411 775 543 842 Quomodo
560 776 727 842 admonendi,
749 757 848 844 ouibus
873 776 960 830 omnio
985 790 1018 829 ex
1037 790 1100 828 nen·

245 875 327 927 tentia
344 877 491 943 succedunt,
511 883 536 929 et
553 878 649 946 quibus
666 878 741 932 nulio
783 917 1100 932 .....
1138 879 1199 934 too

193 979 257 1048 Cep.
275 980 390 1034 XXVII.
428 981 561 1048 Quomodo
580 983 731 1037 admonendi
750 983 883 1052 conjugati
902 987 927 1036 et
945 981 1059 1036 oeoiiben
1138 985 1195 1038 120

191 1081 254 1150 Gap.
272 1083 402 1142 XXVIII.
438 1083 571 1152 Quomodo
590 1083 743 1136 admonendi
762 1089 868 1152 peccota
884 1085 972 1138 eumin
989 1085 1099 1153 experti,

243 1190 268 1238 et
286 1200 373 1238 eorum
392 1191 510 1254 exportes
547 1223 1097 1244 ........
1136 1187 1195 1243 178

191 1288 254 1358 (inp.
273 1290 376 1342 XXIX.
412 1289 545 1357 Quomodo
562 1291 723 1356 admouendi,
742 1291 785 1358 qni
803 1295 910 1363 peccota
928 1305 1033 1358 operum
1051 1289 1097 1342 lu·

241 1397 310 1460 gent,
329 1396 353 1444 ot
371 1391 416 1458 qui
434 1391 517 1444 solum
537 1393 723 1458 cogitationum
779 1428 1097 1447 .....
1135 1393 1197 1450 183

190 1493 253 1564 Cap.
272 1494 358 1546 XXX.
395 1494 528 1562 Quomodo
562 1495 731 1560 admonendi,
764 1495 809 1564 qui
836 1510 852 1550 a
884 1494 999 1562 pennatis
1031 1509 1097 1563 qnae

241 1594 350 1664 deflent,
377 1611 429 1649 non
454 1595 601 1666 obstinent,
630 1601 654 1650 et
684 1598 730 1663 qui
757 1612 815 1649 eum
844 1595 1009 1664 abstineant,
1044 1612 1095 1653 uon
1138 1667 1141 1674 .

241 1698 397 1753 deflent.
468 1737 475 1750 .
546 1739 553 1753 .
778 1737 786 1754 .
857 1738 863 1751 .
922 1736 941 1766 ,.
1011 1739 1018 1752 .
1089 1702 1194 1758 ,188

187 1802 251 1872 Cep.
269 1802 372 1854 XXXI.
409 1801 540 1870 Quomodo
569 1801 738 1866 admonendi,
773 1801 819 1868 qui
844 1799 951 1870 illicito,
982 1785 1092 1872 'quorum

237 1909 298 1957 eunt
316 1905 429 1972 conscii,
449 1903 575 1972 iaudent,
600 1908 689 1974 etqui
712 1905 909 1958 condemnantes
926 1907 1032 1976 minimo
1051 1912 1094 1960 tn·

236 2022 295 2088 mon
314 2013 405 2064 navent
466 2044 1093 2064 .........
1131 2013 1191 2067 192

185 2111 249 2182 (inp.
266 2113 384 2186 XXXII.
421 2113 553 2186 Quomodo
577 2113 743 2181 admonendi,
766 2114 812 2180 qni
842 2113 927 2168 subito
953 2119 1038 2182 motu,
1069 2120 1094 2166 et

232 2217 282 2284 qni
300 2217 419 2271 consumto
436 2223 543 2284 peccant
562 2254 1091 2272 ........
1128 2217 1188 2296 191

78 2393 80 2398 Ι
183 2318 249 2388 unp.
265 2319 397 2370 XXXIII.
434 2319 567 2390 Quomodo
584 2320 745 2386 admonendi,
765 2320 949 2387 quisminimin
967 2319 1014 2396 sed
1031 2332 1090 2374 ore-

235 2419 291 2472 bris
307 2423 400 2488 noxio,
419 2429 444 2476 et
461 2424 506 2492 qui
523 2421 645 2474 mimmos
664 2426 785 2475 caventes
802 2421 929 2489 gravibus
946 2421 1089 2488 aliqnando

236 2523 423 2590 immerguntur
465 2559 1090 2578 .........
1127 2523 1188 2578 198

182 2625 246 2696 Gap.
264 2627 390 2680 XXXIV.
427 2627 560 2698 Quomodo
578 2625 740 2690 admonendi,
759 2627 803 2694 qni
817 2625 942 2680 bonnnon
954 2617 1089 2693 inchoent,

234 2729 322 2796 etqui
341 2729 530 2782 inohontnnon
549 2727 689 2780 absolvunt
770 2767 776 2779 .
848 2769 855 2782 .
925 2730 933 2783 .'
1002 2769 1009 2782 .
1047 2779 1050 2788 ,
1080 2767 1087 2782 .
1123 2729 1180 2782 201

182 2830 246 2899 cop.
264 2832 377 2884 XXXV.
414 2832 545 2900 Quomodo
562 2831 724 2910 admonendi,
742 2831 786 2902 qui
799 2831 869 2886 moia
886 2831 961 2898 oium,
980 2835 1005 2884 et
1022 2829 1089 2884 bone

234 2933 321 3001 polam
339 2932 451 2999 faciunt,
474 2948 507 2986 ne
524 2935 570 3002 qui
581 2947 665 2989 ‚uersa
683 2935 740 2988 viee
771 2971 1088 2988 .....
1123 2933 1186 2988 206

181 3036 243 3106 (inu.
262 3038 390 3090 XXXVI.
428 3036 466 3088 De
483 3037 663 3090 exhortatione
677 3037 766 3089 multis
776 3036 930 3104 exhibendo,
948 3036 1088 3106 utnionin·

230 3139 352 3208 gniorum
375 3139 486 3192 virtutes
503 3140 620 3210 adjuvet,
646 3143 774 3206 qnatenus
797 3153 843 3208 pei·
868 3139 937 3192 hone
960 3137 1089 3220 oontrnrin

232 3241 372 3295 virtutibus
390 3241 452 3293 vitm
468 3230 521 3294 non
539 3245 691 3294 excrescant
771 3280 777 3294 .
837 3279 855 3322 Ι.
927 3279 933 3294 .
1005 3279 1011 3292 .
1083 3279 1090 3294 .
1122 3241 1186 3308 209

181 3347 245 3416 cap.
262 3343 404 3402 xxxvn.
439 3345 479 3422 no
503 3345 698 3426 mononem,
723 3357 792 3412 quae
815 3344 862 3396 um
884 3317 1031 3400 annitente
1047 3349 1088 3400 m

215 3456 216 3460 ’
231 3446 369 3501 contrariis
385 3447 552 3517 passionibus
569 3447 699 3530 laboranti
768 3485 1086 3504 .....
1122 3448 1179 3504 211

178 3551 244 3620 Gap.
262 3549 420 3608 XXXVIII.
455 3552 531 3622 Quod
553 3550 695 3620 aliqnando
719 3549 818 3604 leviora
835 3549 900 3606 vitm
917 3550 1088 3622 relnqumm

230 3657 304 3724 nunt,
331 3660 361 3709 nt
376 3657 499 3724 graviora
517 3653 702 3708 subtrahentur
771 3693 1086 3712 .....
1120 3655 1181 3711 212
