2486 4222
588 239 794 304 ...18-

193 405 275 472 miro
298 427 398 493 opere
421 404 584 493 expleuit,
608 407 968 494 quipraeesseteutas
983 403 1188 470 multitudini

192 513 227 572 et
240 506 349 572 noluit
363 514 395 569 et
408 502 566 570 obedivit.
584 503 609 592 ²)
639 503 812 592 Superbus
824 506 913 570 enim
928 503 1073 570 fortasse
1088 513 1187 585 esset,

193 607 223 673 si
233 604 392 670 ducatum
412 603 519 692 plebis
528 604 723 673 innumerae
746 606 818 673 sine
839 604 1062 692 trepidatione
1084 604 1187 668 musei·

191 714 303 792 peret;
326 713 360 767 et
380 725 514 770 rursum
537 704 701 793 superbus
723 705 900 788 existeret,
923 707 953 770 si
968 704 1115 770 auctoris
1132 705 1188 768 im·

190 805 285 891 perio
314 801 448 870 obedire
477 817 658 871 recusaret.
711 803 899 891 Utrobique
928 825 1007 890 ergo
1040 802 1187 885 humilis,

190 900 372 990 utrobique
411 904 601 991 subjectus,
640 912 673 968 et
708 925 866 991 praeesse
899 903 1035 990 populis
1069 914 1187 968 semet·

190 1001 300 1090 ipsum
323 1005 489 1071 metiendo
511 1003 638 1086 uoluit,
670 1013 837 1069 ettamen
859 1002 899 1067 de
922 1004 1117 1091 imperantis
1139 1005 1187 1069 vi·

190 1101 285 1169 ribus
307 1101 551 1191 praesumendo
574 1105 749 1169 consensit.
793 1103 881 1168 Hine
895 1123 992 1186 ergo,
1017 1102 1096 1196 ltine
1113 1103 1186 1189 qui·

190 1222 255 1287 que
277 1205 479 1290 praecipites
501 1201 678 1289 colligant,
705 1225 779 1271 eum
802 1213 931 1290 quauta
953 1203 1053 1289 eulpa
1072 1225 1114 1266 ex
1128 1226 1186 1289 ap-

189 1303 297 1389 petitu
313 1304 449 1389 proprio
460 1303 579 1366 ueteris
594 1302 761 1389 praeferri
771 1321 838 1366 non
851 1312 1012 1385 metuunt,
1035 1303 1063 1367 si
1078 1303 1187 1367 saneti

188 1402 253 1465 viri
273 1399 420 1486 plebium
443 1400 598 1467 ducatum
624 1403 797 1488 suseipere
817 1403 891 1467 Deo
918 1404 1019 1466 etiem
1048 1401 1186 1484 iubente

187 1501 377 1565 timuerunt.
417 1501 553 1587 Moyses
577 1501 737 1566 suadente
757 1499 784 1586 2)
806 1501 950 1568 Domino
972 1501 1130 1590 trepidat,
1155 1513 1187 1567 et

149 1651 152 1656 .
187 1597 336 1664 infirmus
360 1602 521 1685 quisque,
544 1611 582 1665 ut
603 1601 735 1667 honoris
758 1623 843 1666 onus
865 1603 1030 1687 percipiet
1038 1649 1048 1683 ,
1080 1601 1183 1665 anhe-

187 1695 250 1780 lat3
274 1709 306 1763 et
322 1701 380 1783 qui
389 1700 432 1763 ad
448 1697 560 1765 oasu‘m
574 1700 673 1766 valde
686 1710 827 1785 urgetur
840 1723 882 1764 ex
893 1702 1048 1788 propriis,
1070 1700 1183 1766 hume·

186 1818 260 1862 rum
281 1796 428 1863 libenter
445 1801 682 1886 opprimendus
702 1800 907 1888 ponderibus
924 1799 1089 1866 submittit
1105 1799 1184 1864 elie·

186 1898 257 1978 nis3
281 1918 368 1982 quae
384 1900 464 1984 egit,
486 1900 573 1964 ferre
587 1923 653 1966 non
666 1902 768 1982 velet,
787 1909 820 1964 et
833 1912 944 1984 auget,
963 1898 1052 1986 quod
1063 1911 1184 1986 portet.

521 2066 715 2136 CAPUT
751 2069 847 2134 VIII.

187 2189 323 2253 Dehis,
351 2190 611 2256 quipraeosse
639 2188 925 2256 concupiscunt,
954 2187 1052 2238 etad
1080 2200 1179 2238 usum

471 2359 656 2410 sermonis
682 2358 879 2426 arripiunt.

246 2465 449 2552 Plerumque
471 2489 550 2532 vero
580 2469 640 2554 qui
668 2487 825 2552 proeesse
847 2467 1101 2550 concupiscunt,
1136 2467 1180 2531 ad
1231 2475 1232 2486 ¹

182 2665 236 2732 nis
265 2664 451 2750 arripiunt,
482 2689 547 2753 quo
580 2666 643 2730 ait:
683 2661 726 2726 Si
757 2665 851 2747 quis
882 2666 1179 2751 episcopatum
1231 2689 1232 2694 ¹

182 2762 420 2846 desiderat,
446 2764 595 2832 bonum
619 2783 723 2848 opus
746 2760 969 2846 desiderat
988 2761 1031 2850 3);
1053 2767 1111 2850 qui
1128 2774 1177 2830 ta·

181 2886 259 2931 men
280 2863 423 2928 laudans
436 2862 645 2940 desiderium,
667 2861 702 2925 in
725 2883 882 2947 pavorem
900 2863 999 2928 vertit
1013 2866 1178 2952 protinus,
1231 2945 1232 2956 ἵ

183 2961 272 3052 quod
299 2962 472 3047 laudavit,
503 2984 576 3028 eum
604 2969 744 3048 repente
773 2963 962 3050 subjungit:
995 2961 1179 3051 Oportet
1231 2959 1232 2990 r

183 3060 1177 3151 antomEpiseopumirreprehensibilemessefl)

183 3161 333 3250 Cumque
353 3164 511 3228 virtutum
524 3162 715 3226 necessaria
732 3159 977 3247 subsequenter
994 3173 1177 3246 enumeret,

182 3283 268 3349 quae
298 3263 344 3328 sit
374 3259 722 3348 irreprehensibilitas
750 3262 844 3348 ipsa,
880 3260 1083 3328 manifestat.
1134 3263 1180 3328 Et

179 3362 273 3428 favet
294 3384 374 3447 ergo
398 3382 441 3424 ex
463 3359 645 3443 desiderio,
669 3371 702 3425 et
723 3370 829 3426 terret
850 3381 892 3423 ex
913 3370 1112 3448 praecepto,
1138 3385 1180 3427 ae

173 3461 210 3526 =si
231 3472 348 3549 aperte
374 3457 479 3523 diest:
516 3457 633 3524 Laudo
663 3457 753 3546 quod
783 3459 964 3545 quaeritis,
996 3459 1055 3525 sed
1082 3461 1178 3547 prius

186 3579 247 3590 ——ne

222 3622 245 3689 ι)
261 3622 325 3674 Fuit
341 3633 404 3687 ergo
423 3621 531 3688 lloyses
548 3621 647 3681 invitus
664 3623 691 3673 st
706 3618 806 3672 solens.
843 3645 877 3660 -
893 3619 917 3684 ²)
934 3621 998 3679 alit.
1013 3621 1128 3692 jubente.
1145 3653 1177 3661 -

267 3703 286 3767 't
305 3706 329 3758 1.
348 3706 412 3758 Tim.
431 3705 455 3772 3,
475 3706 500 3760 l.
519 3733 548 3744 ·-
571 3703 593 3769 ⁴)
611 3705 635 3758 1.
653 3703 719 3756 Tim
737 3702 762 3772 3,
780 3703 805 3760 2.
