2462 4220
536 259 764 330 ...ιω-

91 417 93 422 ’
153 425 516 518 aspiraturum
535 423 661 539 hou-¹)
706 422 1041 505 Quousoimnu
1057 445 1148 496 um·

152 551 253 613 m,
276 525 532 616 quodonegsvit
545 525 705 606 omnium3
728 533 762 590 et
782 523 860 590 dum
870 523 1044 606 praedicit,
1061 524 1149 610 spic

152 627 442 718 difficilecapitirr,
464 622 812 706 audientibusirinuit,
834 632 968 710 captum
982 643 1059 690 cnm
1081 643 1149 710 qua

152 711 288 800 mula
309 735 474 792 teneatur.

214 822 428 894 Admonendi
449 831 528 892 sunt
540 824 924 912 itaquepeccetaoarnis
942 825 1148 908 ignorantes

153 938 193 994 ut
213 935 248 992 el
267 925 498 1013 praeeminere
520 923 747 1008 virginitatem
774 924 931 1010 conjugio
953 923 1081 1004 sciant,
1116 928 1150 986 at

153 1033 266 1094 tamen
295 1045 330 1090 se
361 1041 463 1110 super
490 1023 650 1110 conjuges
677 1045 746 1090 non
771 1021 953 1104 extollant,·
981 1030 1148 1108 quatenus

153 1126 232 1194 dum
259 1135 294 1192 et
314 1124 542 1209 virginitatem
569 1122 784 1208 praeferunt,
816 1131 849 1186 et
870 1143 905 1188 se
934 1129 1148 1208 posmouunt,

153 1235 188 1292 et
208 1223 292 1290 illud
313 1245 380 1289 non
402 1221 579 1305 deserant,
611 1219 701 1308 quod
721 1221 840 1288 melius
862 1243 935 1288 esse
959 1221 1149 1298 aestimant,

154 1335 188 1392 ot
210 1347 246 1390 se
268 1324 468 1405 custodiant,
492 1341 558 1407 quo
581 1344 617 1386 se
638 1322 786 1386 inaniter
805 1343 872 1386 non
888 1319 1049 1391 exaltant.
1082 1317 1149 1386 Ad·

153 1424 310 1493 menendi
333 1429 422 1502 sunt,
450 1431 488 1485 ut
509 1419 738 1501 considerent,
764 1419 853 1506 quod
871 1420 1073 1507 plerumque
1094 1439 1148 1482 ae·

153 1525 244 1588 tinec
266 1520 465 1588 secularium
488 1519 559 1583 vita
571 1521 811 1586 continentium
828 1519 1054 1601 confunditur,
1076 1539 1149 1582 cum

155 1633 190 1688 et
208 1621 261 1686 illi
282 1620 372 1687 ultra
393 1617 544 1684 habitum
568 1630 742 1684 assumunt
764 1639 883 1705 opera,
913 1629 947 1684 et
969 1620 1026 1683 isli
1049 1619 1149 1705 juxta

154 1720 301 1788 ordinem
323 1720 494 1808 proprium
523 1741 591 1784 non
613 1717 761 1784 excitant
791 1717 901 1784 corda.
942 1717 1047 1784 Unde
1067 1716 1149 1784 bene

153 1843 215 1908 per
242 1819 439 1907 prophetam
469 1817 612 1884 dicitur:
647 1817 872 1884 Erubesce
905 1817 1062 1898 Sidon,
1092 1817 1149 1882 ait

153 1943 275 1986 mare.
288 1916 315 2003 ²)
359 1918 467 2002 Quasi
479 1919 567 1984 enim
579 1939 640 2002 per
661 1937 775 1984 vocem
795 1918 898 1984 maris
919 1918 964 1986 ad
985 1939 1149 1984 verecun-

154 2021 243 2086 diam
266 2017 370 2087 Sidou
392 2018 588 2101 adducitur,
618 2016 752 2104 quando
781 2039 841 2104 per
870 2018 1149 2104 comparationem
1221 2029 1222 2042 ¹

154 2121 250 2192 vilse,
269 2117 471 2188 secularium
502 2127 604 2204 atque
627 2119 661 2183 in
683 2115 745 2184 hoc
774 2117 896 2184 mundo
917 2116 1150 2184 fluctuantium

117 2249 121 2257 ·
154 2220 251 2312 eJuqa
280 2220 337 2305 qui
367 2219 515 2282 munitus
545 2226 578 2282 et
599 2217 699 2304 quasi
728 2215 860 2284 stabilis
882 2217 1048 2298 cernitur,
1079 2217 1150 2284 rita

153 2317 364 2404 reprobatur.
409 2315 518 2404 Saepe
534 2317 623 2384 enim
644 2317 795 2384 nonnulli
816 2317 861 2384 ad
870 2317 1055 2384 ,Dominum
1077 2321 1151 2401 post
1222 2313 1223 2324 ’

152 2416 265 2488 earnis
285 2424 428 2501 peecata
440 2413 631 2498 redeuntes,
651 2426 745 2482 tanto
768 2439 803 2484 se
815 2415 989 2484 ardentius
1003 2417 1041 2484 in
1056 2418 1149 2484 bunis
1222 2415 1223 2422 '

139 2515 311 2604 ⁴operibus
333 2512 504 2593 exhibent,
528 2524 652 2602 quanto
674 2515 934 2584 damnabiliores
957 2538 992 2582 se
1018 2516 1061 2584 de
1082 2539 1148 2584 me·

153 2617 194 2686 lis
222 2615 345 2682 vident.
389 2613 435 2680 Et
462 2635 562 2702 saepe
592 2614 728 2702 quidam
753 2619 789 2682 in
819 2619 930 2684 carnis
959 2618 1148 2704 integritate
1219 2625 1223 2652 ι

152 2713 386 2805 perdurantes,
410 2737 485 2781 oum
506 2717 617 2780 minus
639 2738 675 2780 se
697 2718 883 2803 respiciunt
902 2715 1041 2800 habero,
1064 2715 1149 2805 quod

147 2815 310 2897 defleant,
335 2814 431 2901 plene
453 2814 521 2882 eibi
544 2815 696 2882 sufficere
711 2817 803 2884 vitae
824 2838 907 2884 suae
927 2818 1151 2884 innocentiam

153 2925 287 3002 putant,
310 2924 413 3002 atque
434 2915 479 2982 ad
495 2916 662 2984 fervorem
686 2917 822 3004 spiritus
837 2896 941 2984 nullis
963 2939 1001 2982 se
1021 2915 1151 2985 ardoris

154 3013 297 3086 romulis
318 3015 535 3082 inflammant.
579 3016 623 3082 Ει
644 3014 681 3082 fit
707 3015 905 3103 plerumque
927 3015 1001 3084 Deo
1022 3017 1149 3100 gratior
1222 3037 1223 3050 ¹

153 3139 266 3186 amore
295 3114 418 3182 ardens
447 3117 517 3180 vita
547 3125 624 3202 post
655 3115 809 3203 culpam,
841 3139 941 3203 quam
970 3117 1150 3184 securitate

152 3229 292 3304 torpens
319 3216 519 3284 innocentia.
563 3214 664 3282 Unde
693 3225 726 3282 et
761 3239 843 3284 voce
867 3215 992 3303 judicis
1017 3217 1150 3283 diciorrr

153 3318 439 3393 Remittuntur
461 3315 500 3380 ei
520 3327 693 3403 peccata
714 3315 860 3401 multa,
885 3319 981 3404 quia
1003 3317 1151 3384 dilexit

155 3412 373 3500 multum.³)
407 3414 465 3480 Et:
490 3413 694 3484 Gaudium
716 3417 800 3486 erit
820 3418 863 3484 in
885 3417 1001 3485 coelo
1024 3437 1151 3501 super

154 3538 236 3586 uuo
258 3521 482 3603 peccatore
502 3517 772 3602 poenitente,
794 3520 926 3603 magis
949 3539 1070 3606 quam
1087 3541 1150 3586 au-

190 3723 320 3787 &turtur
339 3723 379 3790 19,
398 3725 491 3779 11.-
509 3727 610 3796 ²)Ien'.
627 3727 765 3798 23,-l-
789 3727 810 3798 ι)
827 3729 933 3800 Lua'l,
951 3731 996 3790 d'l
