2486 4222
561 279 598 292 ..
642 227 764 305 48·-

162 409 233 473 r‘ris
255 429 335 472 non
357 409 475 472 venit
496 409 743 490 ministrari,
767 407 837 472 sod
856 408 1111 473 ministrare.
1137 407 1172 494 ¹)

161 507 251 572 Hinc
273 519 340 589 est,
375 505 465 594 quod
494 529 624 574 servum
652 530 694 572 ex
723 517 877 594 suscepto
905 507 1068 593 regimine
1090 505 1165 574 ela·

161 617 231 670 tum
253 625 341 692 quae
362 615 438 692 post
461 605 626 694 supplicio
648 616 825 688 moneant,
859 604 1001 689 indicat,
1034 605 1172 672 dicansr

163 705 280 786 Quod
303 707 339 769 si
360 705 521 788 dixerit
543 705 676 771 malus
698 704 773 770 ille
796 707 1014 770 servus-in
1035 705 1163 771 corde

161 827 247 871 suo:
287 803 441 870 Moram
475 806 591 872 facit
619 806 819 871 Dominus
852 827 966 871 meus
998 805 1165 887 venire,

161 915 201 970 et
224 905 415 990 coeperit
436 913 659 991 percutere
676 924 901 970 conservos
923 925 1032 986 suos,
1055 925 1164 970 man-

161 1003 286 1069 duoet
308 1012 445 1068 autem
468 1012 507 1067 et
527 1002 646 1068 bibat
667 1025 752 1068 oum
769 1003 913 1068 ebriis:
934 1004 1074 1068 veniet
1094 1003 1164 1068 do-

160 1104 294 1168 minus
316 1104 432 1166 servi
462 1101 578 1167 illius
600 1088 644 1166 in
666 1101 748 1184 die,
786 1125 869 1189 qua
890 1122 974 1170 non
997 1112 1160 1190 sperat,

162 1210 202 1267 et
223 1201 352 1286 hora,
377 1224 456 1288 qua
477 1204 665 1286 ignorat,
691 1213 730 1268 et
751 1201 917 1267 dividet
940 1225 1044 1284 eum,
1068 1223 1164 1288 par-

159 1310 330 1390 temque
359 1303 456 1385 ejus
478 1311 612 1388 ponet
638 1321 724 1367 cum
754 1301 1007 1390 hypocritis.
1032 1301 1057 1384 ²)
1101 1301 1161 1367 In-

158 1408 210 1465 ter
231 1398 423 1487 hypocritas
446 1401 533 1464 enim
550 1401 628 1485 jure
651 1399 831 1486 deputatur
843 1451 852 1482 ,
876 1389 999 1486 quiex
1023 1399 1161 1467 simula·

158 1501 248 1566 tione
260 1498 457 1586 disciplinae
474 1500 696 1564 ministerium
711 1501 885 1584 regiminis
900 1501 1002 1566 vertit
1013 1501 1048 1564 in
1061 1521 1161 1565 usum

159 1595 410 1681 dominationis3
443 1609 610 1664 ettamen
632 1618 872 1686 nonnunquam
894 1601 1030 1684 gravius
1052 1597 1167 1664 delin—

160 1699 310 1785 quitur,
331 1698 359 1763 si
385 1699 472 1762 inter
499 1719 673 1785 perversos
704 1699 779 1785 plus
810 1699 1021 1786 aequalitas,
1057 1721 1161 1786 quam

160 1791 337 1884 disciplina
369 1797 578 1864 custoditur„
609 1797 698 1878 Quia
728 1801 820 1862 onim·
844 1799 931 1865 falsa
956 1801 1080 1886 pietate
1102 1818 1159 1865 su·

160 1907 300 1984 paratus
321 1897 423 1962 ferire
444 1897 523 1962 Heli
545 1898 779 1985 delinquentes
800 1897 885 1964 filios
917 1897 1040 1980 noluit,
1070 1897 1165 1982 apud

162 1994 350 2062 districtum
380 1997 528 2086 judicem
559 1999 779 2085 semetipsum
813 2021 887 2062 oum
923 1997 1003 2063 filiis
1035 1996 1170 2062 crudeli

162 2095 376 2163 damnatione
398 2103 572 2185 percussit.
592 2094 617 2184 3)
651 2098 894 2183 Hinnnamque
908 2096 1021 2162 divina
1037 2099 1068 2160 ci
1082 2118 1167 2160 voca

161 2193 296 2261 dicitur:
334 2197 570 2263 Honorasti
597 2197 723 2264 filios
753 2209 847 2262 tuos
874 2198 1009 2278 magi-s
1041 2217 1170 2281 quam-

160 2318 227 2360 me.
250 2297 278 2382 ¹⁴)
321 2296 409 2362 Hinc
431 2297 583 2382 pastores
613 2299 764 2384 increpat
786 2319 847 2382 per
868 2295 1087 2382 Prophetam,
1113 2295 1166 2359 di-

160 2417 259 2462 cens:
295 2394 613 2474 Quodfraotum
638 2405 713 2476 est,
745 2418 826 2460 non
848 2394 1096 2480 alligastis,
1124 2407 1168 2461 et

161 2497 268 2582 quod
291 2495 511 2584 abjectum
536 2509 618 2579 est,
640 2517 722 2561 non
743 2495 990 2560 reduxistis.
1018 2493 1044 2581 ὃ)
1091 2493 1165 2559 Ab·

159 2599 267 2682 iectus
290 2597 378 2660 enim
400 2594 588 2676 reducitur,
611 2619 682 2660 oum
706 2597 851 2680 quisque
868 2596 904 2657 in
923 2593 1023 2681 culpa
1042 2593 1164 2680 lapsus

159 2695 203 2761 ad
226 2705 348 2760 statum
365 2697 520 2781 justitiae
537 2717 579 2759 ex
598 2694 776 2780 pastoralis
791 2692 1026 2758 sollicitudinis
1043 2692 1165 2778 vigore

74 2785 75 2788 ¹
158 2804 344 2880 revocatur.
387 2797 586 2886 Praeturam
608 2815 688 2859 vero
711 2793 856 2878 ligamen
872 2792 1062 2878 adstringit,
1086 2813 1163 2858 oum

99 2941 101 2946 -
159 2894 293 2982 culpam
316 2894 495 2982 disciplina
518 2894 687 2980 deprimit,
711 2915 759 2956 ne
781 2893 883 2980 plaga
910 2915 1016 2980 usque
1046 2891 1089 2956 ad
1112 2893 1170 2956 in-

158 2987 293 3080 teritum
321 2993 447 3060 defluat
459 3045 468 3077 ,
501 2996 529 3057 sl
559 2995 645 3060 hanc
667 2991 885 3058 districtionis
908 2993 1072 3059 severitas
1093 3013 1168 3057 non

159 3103 314 3160 coarctat.
755 3149 758 3156 .

224 3193 290 3259 Sed
312 3215 413 3281 saepe
436 3191 583 3258 deterius
607 3192 790 3278 frangitur,
826 3213 901 3257 eom
930 3193 1079 3256 fractura
1107 3191 1167 3256 iu·

158 3284 255 3360 caute
278 3293 475 3378 colligatur,
491 3293 538 3357 ita
560 3301 598 3357 ut
617 3293 754 3378 gravius
772 3291 950 3356 'scissuram
973 3291 1105 3371 sentiat,
1131 3289 1165 3354 oi

157 3391 248 3458 hano
282 3392 530 3458 immoderatius
558 3391 742 3475 ligamenta
771 3392 1014 3476 consmingant.
1057 3387 1167 3456 Unde

192 3624 212 3684 ¹>
237 3622 329 3677 uasti.
347 3621 394 3690 ao,
413 3621 455 3677 ao.
474 3626 521 3674 en.
540 3651 573 3659 -
599 3619 624 3700 ἢ)
643 3619 733 3702 uarro.
751 3619 799 3702 aa,
817 3617 859 3674 ro.
878 3623 926 3672 os.
946 3646 976 3656 -
1006 3617 1026 3683 't
1045 3618 1070 3671 1.
1088 3616 1160 3684 mg.

241 3707 274 3774 r,
293 3706 334 3763 17.
352 3705 395 3762 ra
414 3733 443 3746 -
464 3705 484 3776 ⁸)
502 3709 527 3762 1.
546 3708 608 3776 neg.
627 3705 659 3774 2,
678 3703 720 3762 aa
738 3697 923 3770 aurarem.
938 3700 996 3782 ar,
1015 3703 1041 3758 r.
