2462 4220
557 240 785 310 -198-

180 429 281 492 saepe
302 407 513 490 infirmitate,
541 430 641 497 saepe
670 407 878 493 negligentia
898 409 935 472 in
952 407 1075 474 studiis
1097 431 1175 475 vero

179 505 346 572 malitiosa
376 527 505 591 semper
533 508 715 574 intentione
741 515 911 595 peoontur.
956 505 1031 585 Quo
1061 517 1177 574 eontra

179 617 268 671 recte
290 604 383 670 beati
404 605 469 670 viri
491 607 708 694 expressione
729 628 791 691 per
818 604 1015 692 prophetam
1036 604 1174 672 dieitur:

180 705 305 785 Etin
326 703 538 771 cathedra
562 705 866 793 pestilentiae
888 727 970 771 non
998 705 1128 771 sedIt.
1150 707 1175 786 ¹)

182 803 352 870 Cathedra
375 807 500 892 quippe
517 807 643 894 judiois
664 827 737 872 esse
758 804 813 871 vel
835 803 1061 892 praesidentis
1087 804 1175 870 solet.

181 902 222 966 In
246 901 405 968 cathedra
427 916 539 972 autem
559 905 770 992 pestilentiae
793 904 909 974 sedere
928 914 979 970 est
991 925 1036 968 ex
1046 903 1176 991 judicio

180 1023 288 1087 prava
317 1007 535 1087 committere3
568 1006 603 1070 in
632 1005 792 1070 cathedra
812 1002 1025 1092 pestilentiae
1060 1002 1177 1070 sedere

182 1109 233 1164 est
255 1112 287 1167 et
308 1125 351 1168 ex
372 1106 501 1170 ratione
522 1103 609 1172 mala
630 1103 837 1186 discernere,
862 1112 1030 1168 ettamen
1051 1126 1100 1166 ex
1122 1102 1176 1166 de·

181 1198 380 1269 liberatione
408 1213 613 1289 perpetrare.
664 1202 773 1282 Quasi
805 1203 840 1267 in
866 1203 1017 1288 perversi
1046 1201 1178 1268 consilii

180 1300 341 1366 cathedra
364 1302 473 1385 sedet,
497 1305 556 1390 qui
576 1312 671 1368 tanta
692 1302 880 1386 iniquitatis
907 1299 1052 1365 elatione
1079 1301 1177 1366 attol-

179 1398 259 1466 litur
269 1448 279 1482 ,
302 1411 339 1465 ut
360 1401 544 1487 adimplere
566 1399 687 1466 malum
710 1403 805 1466 etiam
828 1421 889 1488 per
911 1398 1053 1466 oonsilio
1078 1421 1175 1466 cone-

178 1507 241 1562 tur.
286 1499 330 1564 Et
352 1501 437 1564 sieut
458 1498 692 1564 assistentibus
713 1498 820 1565 turbis
841 1497 986 1584 praelati
1000 1509 1094 1581 sunt,
1118 1498 1176 1584 qui

179 1597 358 1662 cathedrae
379 1598 504 1664 honore
525 1599 727 1681 fulciuntur,
750 1600 799 1664 ita
819 1597 942 1664 delicta
963 1619 1095 1679 eorum,
1118 1598 1178 1683 qui

178 1698 453 1784 praecipitatione
474 1709 647 1782 corruunt,
671 1700 840 1782 exquisita
862 1721 923 1786 per
937 1695 1087 1763 studium
1100 1719 1175 1783 pee-

180 1785 257 1860 oalu
278 1795 529 1862 transcendunt.
571 1796 780 1864 Admonendi
811 1820 890 1882 ergo
914 1807 1006 1879 sunt,
1037 1806 1076 1867 ut
1099 1796 1177 1862 hino

180 1893 360 1980 colligant,
391 1898 450 1982 qui
477 1899 512 1962 in
542 1896 645 1984 eulpa
671 1899 771 1962 etiam
801 1919 837 1962 se
858 1919 919 1983 per
941 1895 1116 1963 eonsilium
1138 1895 1177 1961 li·

179 2005 273 2078 gant,
298 2015 366 2080 qua
387 1995 587 2083 quandoque
608 1997 733 2063 ultione
746 1997 888 2062 feriendi
899 2005 988 2077 sunt,
1013 1995 1074 2080 qui
1086 2001 1177 2060 nune

178 2103 359 2180 pravorum
380 2115 445 2162 non
470 2097 567 2179 soeii,
591 2096 649 2163 sed
668 2095 838 2185 prinsipes
858 2095 952 2161 fiunt
969 2093 995 2180 ²)

470 2278 497 2346 0
514 2278 544 2344 A
561 2277 589 2343 Ρ
604 2279 636 2346 U
650 2277 679 2344 Τ
718 2277 892 2345 XXXIII.

179 2409 360 2478 Quomodo
385 2413 611 2482 admonendi,
643 2413 704 2482 qui
729 2411 910 2479 mulmis,
931 2407 1005 2464 s'et
1032 2410 1178 2466 orsorio

196 2497 336 2567 ¹noxis,
360 2497 478 2567 etqui
501 2499 661 2552 minimas
685 2504 846 2554 caventes
870 2495 1037 2565 gravibus
1058 2495 1132 2550 ali-

467 2585 604 2654 quanto
625 2585 879 2652 immerguntur.

238 2717 351 2786 ¹Aliter
372 2717 573 2788 admonendi
595 2729 691 2802 sunt,
715 2720 774 2806 qui
794 2717 1031 2798 lieetminirna,
1053 2715 1179 2782 erebro

180 2820 290 2885 t‘amen
313 2819 430 2888 illicita
451 2817 596 2887 faciunt:
617 2828 719 2907 atque
742 2819 857 2898 aliter,
880 2818 939 2902 qni
963 2837 998 2882 se
1020 2839 1040 2880 a
1057 2816 1179 2902 parvis

180 2916 390 3002 dustodiunt,
412 2919 469 2986 sed
491 2914 671 3007 aliquando
690 2920 728 2986 in
749 2915 912 3006 gravibus
926 2911 1180 2998 demerguntur.

178 3012 389 3084 Admonendi
411 3029 507 3104 sunt,
540 3021 599 3108 qui
620 3017 773 3105 quamvis
797 3018 832 3083 in
853 3015 1013 3098 minintis,
1037 3013 1097 3078 sed
1119 3023 1179 3080 ta·

179 3133 256 3184 nen
282 3117 473 3202 frequenter
499 3117 683 3202 excedunt,
715 3125 757 3184 ut
780 3135 992 3203 nequaquam
1021 3113 1179 3181 conside·

178 3212 254 3282 rent
280 3217 414 3304 qualia,
452 3216 510 3284 sed
540 3226 666 3304 quanta
693 3217 908 3284 committunt.
949 3215 1054 3283 Facta
1084 3215 1181 3280 enim

181 3319 293 3386 suasi
315 3317 505 3408 despiciunt
522 3319 658 3401 timere,
682 3339 756 3384 eum
777 3323 934 3403 pensant,
959 3311 1085 3382 debent
1105 3312 1179 3384 Ior-
1211 3345 1215 3358 ·

179 3415 326 3501 midare,
349 3441 424 3484 eum
443 3427 627 3487 numerent
669 3417 767 3486 Altos
790 3417 914 3505 quippe
936 3415 1089 3500 gurgites
1111 3414 1178 3483 flu·

179 3517 303 3584 minum
324 3538 468 3605 persae,
496 3517 561 3584 sed
576 3517 781 3588 innumerae
809 3514 942 3603 replent
961 3522 1080 3599 guttae
1104 3517 1178 3606 plu·

184 3622 468 3659 μμ...
579 3642 580 3648 ,

216 3710 235 3778 ·)
252 3711 296 3764 Ps.
310 3707 338 3780 l,
357 3707 385 3766 1.
401 3739 433 3754 -
455 3709 486 3782 ’)
503 3715 569 3770 Alit.
585 3709 656 3770 tunt.
