2462 4220
449 267 676 336 ...185-

55 433 186 522 quoda
198 455 258 500 suo
274 432 403 522 judicio
421 433 752 518 abscendetercluit,
776 437 1060 524 quocmiscrando

59 534 286 622 praeveniens
315 533 533 621 sibimetipsis
557 535 691 620 judices
718 534 808 602 fecit.
856 535 944 604 Hinc
970 537 1060 604 enim

61 634 311 720 scriptumest:
346 632 687 700 Prae'veniamus
708 633 862 700 faciem
885 635 1059 702 Domini

60 733 106 798 in
128 731 411 800 confessione.
432 729 458 819 ¹)
500 731 587 798 Hinc
608 754 669 818 per
692 731 835 798 Paulum
857 734 992 802 dicitur:
1015 734 1059 800 Si

60 833 341 920 nosmetipsos
363 830 712 918 dijudicaremus,
735 855 812 898 non
834 835 977 920 utique
994 835 1058 921 ju·

60 929 316 998 diceremur.
331 931 358 1019 2)
400 932 614 1017 Rursumque
627 928 826 997 admonendi
841 943 928 1012 sunt,
951 944 990 999 ut
1011 935 1059 1021 sie

59 1029 101 1095 de
124 1052 183 1116 spe
203 1029 357 1096 fiduciam
378 1029 544 1114 habeant,
572 1053 615 1096 ne
637 1039 748 1096 tamen
776 1032 911 1096 incauta
934 1035 1059 1099 securi·

58 1138 131 1196 tate
147 1139 346 1216 torpescant
390 1128 589 1215 Plerumque
600 1131 689 1196 enim
700 1130 804 1196 hostis
815 1129 955 1196 callidus
966 1155 1057 1200 men·

59 1238 143 1310 tem,
172 1251 273 1313 quam
302 1239 439 1316 peccato
462 1228 677 1314 supplantat,
706 1248 779 1294 cum
807 1228 847 1295 de
875 1233 974 1296 ruina
997 1243 1062 1297 sua

58 1327 224 1394 afflictam
258 1330 413 1414 respicit,
448 1329 639 1394 securitatis
673 1327 852 1415 pestiferae
883 1327 1058 1396 blanditiis

60 1426 201 1494 seducit.
245 1427 344 1508 Quod
364 1427 507 1513 figurate
530 1429 738 1514 exprimitur,
761 1452 836 1494 cum
855 1429 980 1496 factum
995 1429 1057 1493 Di·

58 1549 126 1594 nae
155 1537 367 1594 memoratur.
417 1526 583 1610 Scriptum
616 1529 741 1617 quippe
776 1537 840 1594 est:
872 1529 1058 1613 Egressa

58 1636 127 1692 est
147 1625 277 1708 Dina,
306 1642 353 1692 ut
375 1625 549 1692 videret
577 1627 776 1694 mulieres
798 1629 987 1711 regionis
1009 1626 1058 1692 il·
1092 1701 1095 1708 ,

58 1724 158 1793 lius:
188 1748 307 1812 quam
329 1749 417 1794 cum
437 1729 620 1794 vidisset
649 1727 817 1793 Sichem
839 1727 966 1793 filius
986 1728 1059 1792 He-

57 1847 144 1892 mor
171 1826 348 1908 Heraei,
380 1827 581 1913 princeps
610 1836 753 1892 terrae
787 1827 936 1907 illius,
968 1826 1061 1894 ada·

57 1927 209 1990 mavit.
228 1947 332 2005 eam,
355 1933 395 1990 et
416 1927 579 2008 rapuit,
604 1935 643 1990 et
675 1925 882 1990 dormivit
904 1949 990 1992 cum
1013 1927 1061 1992 il-

59 2023 123 2106 la,
147 2027 187 2088 vi
209 2026 444 2112 opprimens
466 2025 684 2108 virginem3
708 2035 746 2088 et
768 2024 1062 2108 conglutinata

60 2134 130 2192 est
152 2126 294 2190 anima
324 2126 417 2211 ejus
448 2147 534 2190 eum
557 2133 620 2206 e'a,
651 2125 909 2209 tristemque
941 2121 1061 2188 blan·

57 2224 188 2290 ditiis
218 2222 446 2317 delinivit.
462 2221 489 2308 ³)
532 2223 625 2289 Dina
657 2225 801 2310 quippe,
834 2233 873 2288 ut
903 2224 1061 2288 mulieres

60 2322 179 2388 videat
206 2333 389 2392 extraneae
417 2325 583 2409 regionis,
606 2323 794 2408 egreditur,
819 2323 954 2409 quande
977 2325 1061 2387 una·

62 2445 221 2510 quaeque
242 2445 336 2490 mens
359 2446 420 2490 sue
431 2421 544 2489 studia
562 2423 748 2508 negligens,
771 2424 918 2488 actiones
931 2421 1063 2488 alienas

60 2546 188 2590 curans
209 2533 307 2602 extra
321 2522 472 2590 habitum
486 2531 588 2610 atque
611 2532 707 2588 extra
729 2521 876 2588 ordinem
891 2523 1063 2608 proprium

62 2633 218 2709 vagatur.
263 2623 373 2703 Quam
396 2623 528 2688 Sichem
559 2625 719 2712 princeps
749 2630 862 2686 terrae
891 2620 1062 2708 opprimit3

63 2725 146 2810 quia
167 2722 324 2790 videlicet
345 2723 516 2788 inventam
537 2723 571 2789 in
594 2723 682 2788 euris
705 2721 930 2788 exterioribus
947 2717 1062 2786 diabu-

62 2821 117 2890 lus
146 2823 334 2908 corrumpit
377 2819 429 2886 Et
458 2821 780 2906 conglutinata
814 2829 879 2886 est
912 2821 1063 2886 anima

63 2924 159 3011 ejus
181 2941 266 2986 cum
296 2919 405 3008 east)
429 2921 510 3006 quia
531 2921 660 2986 unitam
682 2918 746 2986 sibi
767 2943 829 3008 per
849 2919 1063 3006 iniquitatem

61 3021 209 3107 respicit.
254 3019 298 3086 Et
320 3021 400 3107 quia
422 3041 496 3086 cum
517 3039 611 3084 mene
636 3042 657 3084 a
679 3019 779 3107 culpa
801 3019 980 3106 resipiscit,
1004 3014 1062 3082 ad·

58 3118 202 3202 dicitur,
224 3118 250 3204 ⁵)
278 3130 382 3205 atque
403 3118 583 3186 admissum
604 3116 685 3182 flere
707 3129 862 3184 conatur:
888 3121 1063 3204 corruptor

60 3227 177 3284 antem
199 3241 276 3308 spes
287 3241 327 3284 ac
339 3219 540 3284 securitates
554 3225 773 3282 vacuasante
785 3216 895 3284 oculos
911 3220 1061 3296 revocat,

88 3470 115 3540 ¹)
132 3471 179 3528 Ps.
194 3471 238 3534 et,
257 3473 282 3524 2.
310 3498 345 3510 ·-
368 3468 637 3535 ¹)1.eor.11,31.
667 3495 700 3506 -
734 3463 901 3536 pense
919 3463 1011 3521 1-3.
1030 3493 1064 3502 -

133 3556 159 3627 ⁴)
176 3557 242 3616 Gom
259 3555 302 3624 34,
319 3555 346 3612 3.
371 3583 404 3594 -
430 3555 452 3625 ⁸)
470 3555 536 3608 Alit.
557 3553 591 3607 ad
617 3553 775 3607 seducitur.
811 3550 961 3605 Familiaris
978 3555 1020 3603 est
1035 3547 1064 3602 8.

132 3643 263 3713 &egedo
281 3657 333 3697 vex
350 3643 401 3696 isti
419 3641 602 3708 addicere,
620 3645 650 3693 ut
665 3638 806 3708 synonima
829 3637 888 3692 roci
904 3636 1065 3689 condem-

134 3743 237 3795 nare,
264 3742 317 3796 quo
340 3741 421 3781 sensu
439 3741 489 3780 nan
513 3741 573 3780 raro
595 3725 674 3778 etiam
691 3724 820 3794 reperitur
837 3722 907 3792 apud
923 3721 1066 3790 scriptores
