2462 4220
498 217 722 286 ..190-

116 396 313 475 pnnguutur
334 383 579 474 adjustitiam,
614 385 702 450 siout
727 383 925 470 pierumque
955 382 1034 448 boni
1059 383 1124 448 in·-

112 489 217 559 'noxie
245 496 417 554 tentantur
446 482 488 550 sd
518 481 658 569 uulpem.
701 485 771 557 Fit
786 484 912 570 qnippe
933 483 1020 548 mire
1039 483 1119 548 eri·

115 585 273 672 gentibus
293 585 419 650 moritis
440 583 668 670 dispositionis
691 585 845 650 internae
867 603 1041 666 mensure,
1075 591 1126 649 ne

116 697 150 757 ot
176 685 247 768 illi,
284 684 362 750 dnm
392 681 432 748 de
462 682 549 750 bono
579 681 709 769 aliquid
730 691 864 768 egunt,
889 683 978 769 qnod
998 695 1126 751 temet·

116 807 183 864 uon
204 785 398 872 perficiunt,
422 783 566 870 superbe
586 783 675 850 inter
695 784 788 871 ipss,
812 803 900 869 quse
921 783 1021 848 etism
1038 781 1126 868 ple--

115 885 250 950 nissime
270 892 484 974 perpetrent,
513 881 603 950 melu
625 882 807 948 oonfidant:
831 891 864 948 et
884 883 942 948 isti
969 881 1046 946 dnun
1070 879 1130 946 de·

115 981 205 1056 melo
234 990 424 1065 tentantur,
456 983 510 1048 oui
539 1002 757 1069 nequaquem
776 983 1008 1064 consentiunt,
1044 1001 1123 1068 quo

115 1105 176 1170 per
198 1083 423 1150 infirmitatem
445 1080 611 1164 titubent,
646 1104 686 1148 eo
707 1103 845 1166 gressus
865 1079 974 1148 sordis
995 1081 1039 1146 nd
1055 1080 1129 1166 ju·-

117 1182 239 1256 stisiam
252 1204 313 1270 per
328 1179 549 1249 humilitatem
565 1181 676 1248 verius
688 1181 805 1266 figent.
831 1179 972 1246 Balaam
986 1181 1120 1268 quippe

111 1282 280 1370 justorum
316 1279 535 1353 tebesnneuls
572 1280 756 1368 respiciens
793 1282 859 1346 uit:
901 1279 1122 1346 Morietur

116 1382 256 1451 enimn
277 1403 365 1446 mea
386 1389 516 1446 morte
533 1381 760 1466 justorum,
783 1384 823 1446 et
843 1378 956 1445 finnt
975 1378 1119 1446 noviss

117 1481 221 1548 sima
254 1502 340 1544 mea
371 1478 517 1546 horum
549 1477 724 1546 similis.
745 1475 770 1566 ¹)
822 1477 889 1545 Sed
917 1501 992 1544 enm
1021 1499 1117 1542 oom-

114 1579 306 1667 punetionis
337 1589 467 1664 tempus
495 1577 680 1660 abscessit,
715 1588 832 1645 eontra
861 1599 976 1646 eorum
996 1578 1132 1661 sitem,-

116 1676 244 1769 quibus
263 1698 299 1741 se
322 1675 464 1746 similem
487 1677 561 1744 fieri
583 1679 682 1744 etism
704 1676 874 1744 moriendo
900 1687 1119 1768 poposcerat,

117 1776 296 1847 eonsilium
318 1775 491 1862 praebuit3
520 1785 553 1844 et
580 1799 655 1842 enm
676 1777 881 1844 occasionem
902 1777 943 1842 de
965 1777 1118 1844 avaritie

112 1876 256 1962 reperit,
281 1874 369 1942 illiso
392 1874 515 1944 oblitus
537 1886 602 1960 est,
625 1876 790 1962 quidquid
811 1874 877 1942 sibi
892 1875 935 1940 de
953 1877 1116 1943 innoeen-

113 1976 163 2042 tie
181 1977 321 2062 optavit.
339 1973 365 2062 ²)
408 1976 497 2044 Hine
516 2001 596 2044 vero
616 1977 730 2044 doctor
744 1985 779 2040 et
796 1975 1009 2062 preediootor
1028 1997 1133 2060 genv

113 2075 196 2145 tium
210 2073 337 2144 Paulus
364 2077 427 2144 nit:
457 2077 589 2144 Video
620 2075 749 2144 oliam
777 2075 914 2160 legem
933 2075 976 2140 iu
996 2095 1116 2138 mnem-

114 2176 206 2243 bris
226 2177 343 2258 meis,
366 2186 675 2262 repugnantem
697 2175 786 2260 legi
808 2176 962 2240 mentis
983 2195 1116 2256 mese,

116 2283 156 2342 et
176 2275 475 2360 captivumme
498 2274 724 2341 dueentem
747 2275 788 2340 in
811 2273 904 2359 lege
922 2274 1115 2362 pedoni,

116 2393 223 2459 quse
258 2383 320 2438 est
353 2375 393 2440 in
425 2374 617 2440 membris
648 2376 760 2440 meis.
786 2373 812 2457 ³)
864 2373 933 2454 Qui
964 2373 1118 2460 profesto

115 2471 239 2540 ideireo
260 2481 425 2555 tentatur,
449 2475 543 2538 utin
564 2472 650 2540 bono
671 2473 841 2541 robustius
863 2455 1131 2560 oximensis-1

115 2573 239 2639 mitetis
269 2594 351 2640 suae
378 2573 567 2657 cognitione
597 2572 769 2639 solidetur.
821 2571 913 2654 Quid
942 2581 993 2637 est
1021 2593 1117 2656 ergo,

117 2671 285 2758 quoditie
308 2673 563 2760 compungitur,
597 2681 761 2740 ettamen
784 2674 939 2760 justitiae
963 2695 1031 2738 non
1052 2695 1116 2759 np-

115 2771 337 2858 propinquam
358 2775 422 2839 iste
442 2781 606 2855 tentatur,
636 2782 667 2838 et
688 2781 800 2838 tamen
822 2795 897 2838 eum
919 2771 1023 2860 oulps
1043 2793 1132 2838 non«

114 2870 288 2956 inquinem
322 2872 387 2939 nisi
416 2870 494 2956 hoo,
529 2872 619 2960 quod
648 2884 764 2960 aperte
785 2873 985 2956 ostenditur,
1023 2869 1116 2959 quod

114 2991 178 3039 neo
206 2967 314 3036 melos
343 2970 432 3036 bona
462 2975 659 3060 imperfecte
690 2973 875 3058 adjuvent,
913 2993 976 3038 neo
1007 2970 1116 3038 bonos

114 3067 205 3136 mols
226 3069 492 3136 inconsummata
513 3071 756 3138 condemnant?

177 3168 223 3234 At
251 3180 368 3236 eontra
398 3171 596 3238 admonendi
625 3181 723 3254 sunt,
761 3172 819 3257 qui
848 3171 995 3238 admisso
1017 3170 1131 3236 desern

114 3279 211 3352 runt,
234 3291 295 3336 nen
318 3281 430 3338 tamen
450 3269 634 3357 plangunt3
665 3293 710 3336 ne
722 3272 795 3357 jem
815 3270 989 3338 selmtss
1010 3270 1132 3334 assit.

115 3378 211 3439 ment
236 3367 367 3454 culpas,
409 3386 495 3454 ques
525 3369 588 3434 etsi
618 3369 748 3456 egendo
780 3392 845 3437 non
876 3369 1113 3458 multiplicant,

115 3465 218 3534 nullis
240 3475 353 3532 tamen
370 3465 506 3534 fletibus
522 3468 695 3536 mundent.
726 3468 843 3558 Neque
859 3470 946 3536 enim
959 3471 1116 3560 scriptor,

119 3613 408 3639 Μ

152 3698 175 3763 ·)
194 3698 268 3750 uum.
287 3695 329 3766 23,
348 3696 389 3751 10.
409 3723 438 3736 -
459 3695 484 3766 ²)
504 3696 568 3751 mu
586 3695 628 3765 m,
647 3695 690 3752 14.
707 3725 740 3738 -
759 3693 779 3764 ἢ
798 3698 868 3752 som.
887 3695 912 3767 7,
929 3694 973 3754 23.
