2468 4218
511 247 716 312 ..78-

172 414 282 482 Aliter
305 413 503 480 admonendi
525 424 602 481 sunt
618 417 781 503 juvenes,
812 423 914 500 atque
935 413 1032 480 aliter
1054 433 1108 480 se—

110 536 186 598 nes3
210 515 288 601 quia
311 513 387 579 illos
408 512 605 601 plerumque
629 514 792 580 severitas
813 512 1046 584 admonitionis
1061 513 1111 578 ad
1219 539 1222 547 ¹

110 613 297 700 proiectum
320 611 452 696 dirigit,
482 614 563 680 istos
590 635 668 680 vero
697 611 740 677 ad
760 612 901 678 meliora
925 635 1028 700 opera
1048 613 1110 678 dc·

111 715 261 798 precatio
284 710 595 801 blandacomponit.
626 711 790 800 Scriptum
813 715 938 802 quippe
953 721 1016 778 est:
1040 710 1109 778 Sc·

110 815 271 879 niorem
306 835 354 878 ne
392 813 717 899 increpaveris,
752 811 825 878 scd
861 813 1111 880 obsecrant

111 922 281 997 patrem.
306 911 330 1000 ¹)

481 1114 661 1181 CAPUT
691 1115 736 1178 II.

171 1252 343 1318 Quomodo
368 1251 575 1304 admonendi
597 1253 671 1304 sint
694 1252 817 1319 inopes
842 1256 873 1304 et
900 1249 1051 1302 divites

171 1385 278 1450 Aliter
300 1387 498 1454 admouendi
521 1398 597 1452 sunt
617 1389 751 1476 inopes,
775 1398 876 1474 atque
900 1385 996 1451 aliter
1012 1386 1106 1452 locu·

108 1486 227 1572 pletes:
262 1485 328 1550 illis
358 1509 501 1573 namque
532 1487 648 1552 offerre
681 1485 918 1571 consolationis
948 1485 1107 1550 solatium

108 1594 221 1650 contra
242 1585 508 1670 tribulationem,
532 1588 605 1652 istis
622 1608 699 1653 vero
713 1586 835 1650 inferre
849 1596 971 1651 metum
984 1595 1105 1650 contra

108 1682 283 1750 clationem
316 1685 481 1751 debemus.
535 1687 634 1774 Inopi
666 1687 789 1773 quippe
819 1709 840 1750 a
866 1685 1009 1750 Domino
1038 1707 1103 1769 per

105 1782 300 1867 prophetam
322 1784 461 1850 dicitur:
489 1784 583 1850 Noli
603 1786 768 1866 timere,
794 1785 892 1871 quia
913 1807 991 1849 non
1012 1805 1103 1849 con-

106 1879 306 1948 funderis.
324 1881 350 1971 ἦ)
396 1885 545 1952 coinon
567 1886 668 1969 longe
698 1893 774 1970 post
800 1882 982 1950 blandiens
1001 1882 1100 1948 dicit:

107 1981 376 2069 Paupercula
405 1993 669 2072 tempestate
698 1983 917 2050 convulsa.
943 1981 970 2070 ³.)
1011 1983 1102 2048 Rur-

107 2105 246 2168 sumque
267 2081 356 2150 hanc
377 2083 584 2164 consolatur,
608 2084 736 2150 dicensz
768 2081 840 2148 Ele
848 2084 891 2168 gi
912 2093 952 2149 te
973 2086 1016 2150 in
1037 2103 1101 2148 ca-

105 2185 213 2250 mino
242 2186 524 2271 paupertatis,
547 2181 575 2270 l)
625 2181 671 2248 At
698 2193 812 2248 contra
841 2182 969 2248 Paulus
1001 2182 1102 2248 disci-

105 2283 185 2371 pulo
207 2283 248 2348 de
273 2281 433 2350 divitibus
451 2284 545 2349 dicit:
573 2279 795 2347 Divitibus
817 2279 943 2368 hujus
966 2277 1103 2346 seculi

104 2383 302 2468 praecipe
330 2405 408 2449 non
439 2379 616 2468 superbe
647 2401 815 2470 sapere,
847 2402 984 2467 neque
1008 2402 1101 2467 spc-

37 2555 39 2561 s
104 2503 197 2546 rare
226 2474 723 2548 inincertodivitiarum
754 2479 983 2569 suarum.⁵)
1027 2477 1101 2546 Ubi

103 2580 284 2647 notandum
306 2581 403 2648 valde
425 2587 491 2658 est,
513 2577 601 2665 quod
624 2577 821 2646 humilitatis
845 2580 957 2664 doctor
976 2602 1099 2648 memo·

102 2680 188 2746 riam
217 2680 355 2748 divitum
386 2680 514 2744 faciens
541 2701 608 2744 non
640 2679 708 2762 ait,
742 2681 854 2767 Roga,
889 2680 948 2746 sed
971 2671 1099 2749 'Prae-

103 2779 208 2864 cipe;
241 2785 321 2869 quia
351 2780 413 2846 etsi
438 2778 660 2864 impendenda
689 2789 741 2846 est
767 2781 877 2868 pietas
897 2781 1099 2868 infirmitati,

101 2876 208 2946 honor
234 2892 346 2963 tamen
380 2900 446 2952 non
478 2878 616 2946 debetur
649 2880 797 2951 elationi.
845 2880 984 2948 Talibus
1014 2905 1097 2969 ergo

100 2988 243 3062 rectum,
266 2979 355 3068 quod
376 2978 513 3064 dicitur,
537 2989 629 3048 tanto
650 2980 775 3046 rectius
791 2979 943 3067 jubetur,
969 2991 1096 3068 quanto

100 3079 176 3148 etin
195 3079 505 3147 rabustransitoriis
527 3080 705 3148 altitudine
721 3081 931 3167 cogitationis
952 3082 1096 3148 intume-

75 3211 78 3237 ι
100 3189 204 3246 scunt.
246 3177 300 3242 De
321 3173 373 3244 his
388 3181 425 3246 in
435 3179 795 3266 EvangelioDominus
810 3178 903 3248 dicit:
924 3183 1010 3248 Vae
1030 3203 1096 3248 vo·

100 3276 163 3346 his
190 3276 418 3361 divitibus,
454 3281 525 3367 qui
553 3278 723 3346 habetis
750 3280 1095 3350 consolationem

99 3385 286 3444 vestram.
309 3375 336 3465 0)
381 3379 471 3462 Quia
493 3379 597 3462 euim,
620 3400 707 3466 quas
730 3387 808 3448 sunt
835 3389 984 3465 aeterna,
1001 3403 1095 3466 ¹gasu-

85 3641 97 3671 t
134 3622 421 3693 11111111.-
455 3625 714 3695 ²)lsai.54,l.-
754 3625 1093 3698 ⁸)Isai.b‹l,11.—'-‘)

165 3711 293 3780 Istius,
312 3713 355 3769 10.
374 3741 406 3751 -
431 3711 450 3779 ⁵)
468 3712 492 3767 1.
511 3711 618 3782 rint,
637 3712 678 3768 17.
697 3741 729 3750 -·
747 3709 768 3777 ⁶)
786 3711 952 3779 Lucam.
