2462 4220
558 241 784 310 ...ωρ-

172 410 250 504 dnm
278 419 481 497 cognoscant
508 407 651 476 amanda
672 429 762 490 esse,
792 429 880 494 quae
904 409 1050 494 fugiunt
1096 413 1169 480 lle·

171 510 237 576 lius
256 511 345 575 enim
366 510 541 596 inexperta
562 509 744 594 recipiunt,
768 511 797 575 si
819 507 860 574 de
884 511 1044 595 expertis,
1070 511 1168 599 quid·
1220 473 1224 542 l

172 607 254 694 quid
287 609 521 694 disputationis
556 607 715 689 audiunt,
754 611 920 674 veraciter
952 619 1168 696 cognoscunt

172 707 268 774 Tunc
288 709 393 792 igitur
414 707 512 795 pleno
533 721 610 776 voto
631 710 763 774 discunt
785 709 972 776 verobona
990 731 1167 797 quaerere,

171 829 245 874 cum
266 817 356 874 certo
372 807 501 894 judicio
523 806 801 895 deprehenderint
821 807 911 874 falsa
932 831 968 874 se
988 831 1099 876 vacue
1117 821 1169 876 te·

169 910 294 972 nuisse.
338 907 486 974 Audiant
507 927 609 991 ergo,
640 905 728 993 quod
751 905 840 972 bona
868 910 1059 995 praesentia
1089 919 1124 975 et
1148 933 1171 976 a
1223 947 1224 988 r

171 1003 393 1073 delectatione
416 1008 514 1072 citius
535 1007 719 1074 transitura
743 1015 839 1087 sunt,
865 1018 898 1074 et
919 1015 1030 1073 tamen
1053 1029 1171 1074 eornm

170 1125 273 1171 causa
295 1105 340 1172 ad
367 1105 529 1170 ultionem
558 1107 629 1170 sine
651 1108 794 1172 transitu
815 1127 1049 1191 permansura3
1084 1109 1170 1195 quia

172 1215 205 1271 et
225 1225 333 1286 nunc,
369 1203 576 1292 quodlibet,
605 1206 720 1271 invitis
750 1203 973 1288 subtrahitur,
1003 1215 1037 1270 et
1071 1215 1167 1289 tnnc,
1223 1199 1224 1242 ³

171 1305 260 1392 quod
283 1304 374 1370 dolet
381 1353 391 1387 ,
414 1305 527 1371 invitis
545 1305 581 1369 in
594 1302 794 1390 supplicium
809 1315 1009 1372 reservatur.
1043 1305 1168 1392 Itaque
1219 1253 1224 1344 l

170 1403 295 1471 eisdem
322 1403 424 1471 rebus
458 1411 647 1470 terreantur
681 1400 879 1486 salubriter,
914 1402 1034 1490 quibus
1062 1407 1168 1470 noxie

171 1503 394 1586 delectantur3
415 1512 453 1569 ut
474 1503 552 1569 dum
572 1501 728 1588 perculsa
748 1524 844 1570 mens
863 1501 931 1568 alta
945 1505 1066 1569 ruinae
1083 1525 1167 1568 snae

171 1601 293 1668 damna
315 1605 524 1690 conspiciens
553 1623 625 1668 sese
653 1602 690 1666 in
711 1603 944 1689 praecipitium
970 1603 1166 1698 pervenisse
1219 1621 1224 1746 A

170 1700 406 1790 deprehendit,
436 1721 588 1786 gressum
617 1711 692 1788 post
713 1709 810 1788 terga
830 1713 980 1785 revocet,
1007 1703 1165 1790 etperti-
1223 1755 1224 1764 ,

169 1823 336 1882 mescone,
361 1822 448 1888 quae
470 1810 644 1868 amaverat
651 1849 661 1883 ,
684 1800 791 1868 discat
803 1800 961 1886 diligere,
984 1823 1071 1888 quae
1087 1825 1163 1870 con·

170 1901 348 1968 temnebat

231 2001 318 2067 Hinc
340 2009 391 2066 est
418 2001 526 2082 enim,
550 2002 639 2088 quod
659 2000 824 2066 Jeremiae
842 2002 941 2068 misso
962 2001 1006 2067 ad
1027 2001 1162 2088 praedi·

169 2103 334 2170 cntionem
365 2100 501 2166 dicitur:
530 2102 637 2167 Ecce
665 2103 866 2168 constitui
894 2111 931 2167 te
959 2100 1078 2166 hodie
1102 2125 1163 2168 su·
1222 2147 1223 2178 ,

169 2224 241 2288 per
270 2212 419 2288 gentes
452 2210 490 2265 et
521 2221 646 2287 super
674 2223 825 2286 regna,
862 2211 905 2268 ut
934 2200 1095 2268 evellas
1124 2211 1165 2268 et

170 2300 384 2383 destruas,
408 2309 448 2366 et
470 2299 690 2387 disperdas
713 2309 754 2366 et
774 2300 973 2388 dissipes,
996 2310 1038 2366 et
1058 2302 1163 2368 aedi·

168 2399 282 2466 fices
304 2411 343 2466 et
364 2399 548 2483 plantes.
573 2402 597 2486 ¹)
629 2399 718 2480 Quia
731 2400 797 2465 nisi
811 2401 905 2486 prius
925 2423 1086 2488 perversa
1108 2401 1163 2467 de·
1220 2441 1222 2520 ,

130 2529 133 2538 ¹
170 2510 325 2584 strueret,
341 2497 517 2565 aedificare
526 2499 650 2566 utiliter
658 2509 749 2566 recta
757 2522 824 2566 non
833 2512 958 2586 posset,
973 2501 1041 2566 nisi
1048 2501 1093 2566 ab
1105 2524 1164 2567 au·

169 2600 309 2666 «litorum
325 2621 457 2665 suorum
472 2598 627 2664 cordibus
639 2600 755 2685 spinas
769 2601 849 2665 vani
863 2601 983 2666 amoris
992 2599 1164 2684 evelleret,

169 2699 325 2765 nimirum
347 2698 474 2764 frustra
493 2699 529 2764 ln
552 2699 600 2764 eis
622 2706 759 2762 sanctae
780 2697 1038 2786 praedicationis
1058 2699 1165 2768 verba

168 2797 346 2886 plantaret.
372 2797 531 2880 Hincest,
549 2797 1011 2885 quodPetruspriusevertit,
1027 2809 1164 2886 utpost-

168 2897 301 2964 modum
319 2907 501 2980 construat,
524 2917 598 2962 cum
609 2919 823 2984 nequaquam
836 2897 981 2964 ludaeos
995 2899 1166 2984 mouebat,

169 2996 251 3086 quid
258 2998 331 3084 jam
344 2996 503 3081 lacerent,
519 2994 578 3064 sed
593 2997 635 3062 de
648 2995 714 3082 his,
735 3018 822 3085 quae
837 2996 997 3080 fecerant,
1012 2999 1166 3087 increpa·

170 3097 229 3164 bat
250 3097 380 3164 diceus:
408 3097 548 3164 Jesum
571 3095 837 3162 Nazarenum
864 3097 993 3162 virum
1016 3119 1164 3186 appro·
1219 3147 1220 3180 3

168 3197 307 3266 batum
329 3220 350 3262 a
372 3197 461 3262 Deo
483 3198 526 3264 in
548 3196 682 3280 vobis,
705 3197 944 3263 virtutibus
967 3206 1005 3262 et
1026 3197 1163 3285 prodi-

168 3299 260 3382 giis
282 3307 326 3364 et
349 3298 510 3382 signis,
535 3318 646 3384 quae
668 3319 743 3384 per
771 3297 888 3364 illum
915 3297 1020 3366 fecit
1048 3298 1165 3366 Dens

169 3397 209 3468 ia
231 3396 361 3464 medio
384 3397 529 3477 vestri,
552 3398 664 3462 sicut
686 3418 757 3466 vos
777 3399 917 3482 scitis3
940 3395 1044 3466 bunc
1065 3397 1164 3464 defi·
1218 3481 1219 3494 ,

168 3497 258 3564 nito
276 3495 462 3564 consilio
483 3504 524 3562 et
544 3497 835 3582 praescientia
850 3496 928 3564 Dei
949 3496 1165 3586 traditum,

174 3641 459 3651 >wa-unu—

204 3709 229 3782 2)
245 3709 344 3781 sess,
362 3709 403 3767 so.
