2462 4220
417 269 690 338 ..1ss3..1

37 442 145 515 sterc,
176 435 235 521 qui
255 431 520 523 delinquentium
543 435 668 501 scelera
698 436 931 505 incunctanter
951 436 1041 502 fert·

36 543 126 612 rent,
158 532 287 599 dicens:
328 535 475 622 Siquis
506 535 677 604 Domini
710 546 792 619 est,
821 537 1040 623 jungatur

33 629 145 697 mihi:
167 644 297 718 ponat
319 634 382 699 vir
403 634 595 719 gladium
615 633 893 722 superfemur
909 647 1033 710 suum}

32 731 89 796 ite
113 731 312 797 etredite
334 733 381 798 dc
403 741 528 820 porta
550 734 756 820 usquead
778 743 937 820 portam
959 755 1033 822 ρει

32 829 211 896 medium
239 841 493 912 castrorum,
530 842 570 896 et
602 835 772 898 occidat
803 831 1031 920 unusquis-

32 953 114 1017 que
161 929 341 996 fratrem
391 943 434 998 et
472 932 648 997 amicum
694 941 736 996 ct
778 933 1032 1016 proximum
1073 1014 1077 1022 Ι

33 1053 160 1094 suum.
182 1029 207 1115 ¹)
251 1028 407 1096 Gladium
429 1031 555 1118 quippo
578 1053 679 1114 super
699 1032 807 1095 femur
832 1051 965 1117 ponere,
981 1042 1033 1097 cst

30 1129 294 1215 praedicationis
312 1130 457 1196 studium
477 1130 706 1218 voluptatibus
723 1131 833 1196 carnis
854 1128 1021 1194 anteferre
1029 1152 1039 1211 3

32 1238 68 1293 ut
107 1250 182 1292 cum
209 1227 429 1317 sancta'quis
460 1229 573 1296 studet
601 1230 736 1309 dicere,
770 1239 863 1296 curet
895 1250 1047 1294 neccsse

30 1337 98 1410 est,
125 1327 263 1396 illicitas
284 1330 517 1414 suggestiones
541 1328 706 1395 edomare.
748 1329 802 1392 De
830 1329 1031 1414 portavero

29 1449 140 1516 usqua
162 1427 206 1492 ad
222 1443 359 1514 portam
389 1431 439 1494 ire
461 1438 513 1494 est
534 1453 555 1493 a
578 1430 660 1496 vitio
689 1451 796 1515 usque
827 1429 872 1494 ad
899 1427 1029 1510 vitium,

30 1549 91 1613 per
123 1527 212 1614 quod
239 1527 282 1590 ad
308 1535 450 1594 mentem
480 1551 568 1595 mors
589 1529 792 1613 ingreditur,
825 1526 1030 1614 increpando

31 1625 229 1692 discurrere.
262 1626 328 1693 Per
342 1626 487 1693 medium
509 1649 591 1694 vcro
613 1637 797 1694 castrorum
819 1628 962 1693 transire
981 1635 1031 1690 est

31 1735 129 1791 tanta
150 1725 357 1810 aequalitate
379 1728 469 1792 intra
491 1727 677 1794 Ecclesiam
699 1730 823 1810 vivere,
845 1735 883 1791 ut
900 1725 958 1812 qui
975 1723 1029 1789 de-

32 1822 253 1912 linquentium
278 1825 394 1914 culpas
416 1827 613 1912 redarguit,
646 1827 680 1890 in
702 1825 830 1892 nullius
852 1848 887 1890 sc
910 1822 1031 1888 debeat
1062 1829 1064 1834 ’

30 1923 183 1990 favorem
205 1921 380 1989 declinare.
419 1924 518 1990 Unde
542 1936 575 1990 et
593 1936 682 1990 recte
705 1923 935 2011 subjungitur:
963 1920 1027 1987 Oc·

30 2025 145 2090 cidat
173 2024 236 2089 vir
264 2024 436 2090 fratrem
467 2035 507 2090 et
534 2025 702 2091 amicum
730 2035 769 2088 et
799 2022 1027 2109 proximum

29 2146 161 2190 suum.
205 2125 359 2189 Fratrem
389 2123 517 2188 scilicet
544 2135 577 2188 et
607 2124 748 2186 amicum
779 2131 812 2186 et
839 2120 1027 2208 proximum

28 2222 206 2304 interficit,
230 2223 384 2309 quicum
407 2221 577 2311 punienda
599 2222 743 2302 invenit,
768 2220 810 2285 ab
828 2219 1028 2304 increpatio·

29 2325 82 2390 nis
115 2321 231 2405 gladio
261 2345 323 2389 nec
351 2323 420 2404 cis,
456 2345 539 2408 quos
572 2342 632 2405 per
654 2323 885 2406 cognationem
907 2318 1028 2404 diligit,

28 2423 150 2510 parcit.
195 2421 230 2486 Si
252 2443 330 2506 crgo
356 2421 414 2486 ille
436 2422 504 2486 Dei
532 2421 678 2502 dicitur,
714 2423 772 2506 qui
804 2420 847 2485 ad
874 2419 1027 2484 ferienda

27 2522 114 2586 vitia
136 2520 210 2585 zelo
235 2519 341 2586 divini
363 2523 484 2586 amoris
507 2523 691 2603 excitatur3
726 2519 873 2606 profecto
896 2541 969 2582 esse
992 2540 1026 2583 se

28 2618 96 2685 Dei
122 2620 281 2704 denegat,
306 2622 363 2707 qui
385 2620 748 2708 inquantum'suflicit,
777 2621 953 2705 increpare
976 2619 1025 2682 vi·

27 2730 97 2786 tam
122 2718 307 2786 carnalium
329 2729 469 2786 recusat.

89 2818 139 2884 At
160 2827 279 2884 contra
301 2818 499 2884 admonendi
527 2831 619 2898 sunt,
657 2841 741 2904 quos
763 2839 783 2882 a
805 2816 1026 2903 praedicatio·

25 2921 80 2984 nis
105 2918 215 2984 officio
237 2917 288 2982 vel
310 2917 517 3004 imperfectio
539 2915 594 2981 vel
617 2929 712 2982 aetas
733 2915 906 3022 prohibet,
930 2926 1026 2981 etta·

27 3039 107 3083 men
129 3018 364 3104 praecipitatio
387 3016 552 3104 impellit,
581 3038 624 3080 ne
646 3016 723 3081 dum
744 3017 832 3082 tanti
857 3015 922 3080 sibi
943 3037 1026 3080 onus

26 3116 133 3183 officii
149 3117 426 3204 praecipitatione
443 3125 617 3200 arrogant,
639 3118 730 3180 viam
743 3113 808 3180 sibi
822 3113 1025 3200 subsequen·

26 3219 71 3284 tis
94 3215 341 3282 meliorationis
362 3214 553 3296 abscidaut3
576 3223 611 3280 at
634 3235 707 3280 com
729 3215 894 3302 arripiunt
910 3215 1025 3277 intem·

25 3317 180 3406 pestive,
203 3315 290 3402 quod
313 3338 382 3382 non
402 3312 535 3396 valent,
558 3313 702 3400 perdant
723 3314 834 3394 etiam,
857 3308 946 3396 quod
967 3311 1025 3374 im·

24 3418 125 3506 plere
149 3413 349 3503 quandoque
363 3413 559 3498 tempestive
576 3413 779 3499 potuissent:
802 3417 904 3496 atquc
922 3409 1026 3474 scien-

24 3518 124 3596 tiam,
142 3515 224 3601 quia
235 3514 420 3599 incongrue
432 3519 596 3578 conantur
607 3509 796 3591 ostendere,
809 3510 901 3598 juste
917 3520 1027 3576 osten·

60 3737 82 3800 ¹)
103 3733 189 3787 Exod.
208 3733 255 3801 32,
273 3733 318 3789 27.
