2468 4218
454 269 656 340 ..73-

48 433 220 502 animalia
251 435 423 519 nutriunt,
457 435 523 502 alia
552 437 723 522 occidunt,
757 445 790 504 et
818 436 904 506 lenis
933 438 1053 532 sibilus

50 573 162 638 equos
182 551 332 637 mitigat,
356 552 485 620 catulos
507 554 655 640 instigat.
698 555 744 620 Et
764 556 1052 640 medicamentum,

52 665 148 755 quod
169 667 258 734 hunc
277 667 426 734 morbum
447 670 623 754 imminuit,
647 669 744 738 alteri
764 672 853 738 vires
871 675 997 762 jungit,
1019 684 1053 741 et

51 785 171 873 panis,
194 784 253 870 qui
273 784 376 850 vitam
388 783 526 851 fortium
539 787 687 872 roborat,
709 788 927 874 parvulorum
943 800 1051 858 necat

53 899 127 966 Pro
149 899 313 989 qualitate
335 901 441 987 igitur
461 900 669 968 audientium
682 902 820 970 formari
835 903 934 973 debet
945 929 1052 976 sermo

56 1014 252 1099 doctorum,
274 1026 311 1084 ut
333 1026 367 1082 et
387 1017 431 1084 ad
454 1039 515 1086 sua
538 1020 680 1105 singulis
695 1032 872 1108 congruat,
898 1031 1053 1092 ettamen

129 1253 245 1306 urbanos
264 1258 289 1305 et
305 1253 426 1322 rusticos,
444 1253 511 1306 inter
528 1253 663 1324 simplices
679 1259 704 1308 et
721 1255 846 1322 callidos,
863 1255 930 1310 inter
945 1269 991 1309 eos
1008 1257 1054 1324 qui

129 1339 158 1390 in
176 1337 254 1392 rebus
271 1340 390 1406 gerendis
408 1345 560 1408 versantur,
586 1345 612 1392 et
636 1339 733 1407 qnietis
754 1339 895 1408 studiosos,
919 1341 986 1396 inter
1009 1356 1054 1395 eos

129 1439 239 1491 quorum
264 1439 307 1478 res
330 1425 359 1477 in
384 1425 498 1478 deterius
521 1429 634 1484 mutatae
658 1429 734 1494 sunt,
762 1430 787 1478 et
804 1439 849 1480 eos
867 1425 914 1494 qui
931 1440 1054 1496 prospero

129 1524 211 1564 cursu
227 1510 358 1578 feruutur,
376 1525 425 1566 nec
442 1510 544 1564 duriore
560 1525 674 1580 unquam
691 1510 797 1566 fortuna
820 1511 958 1566 conflictati
976 1514 1055 1566 suut?

128 1597 227 1650 Horum
251 1598 319 1652 euim
338 1596 439 1664 singuli
463 1596 649 1666 cupiditatibus
672 1612 857 1666 nonuunquam
880 1597 1056 1654 studentibus

127 1683 217 1750 magis
231 1682 300 1736 iuter
317 1696 346 1736 se
363 1681 496 1750 differunt,
515 1697 591 1752 quam
609 1697 745 1752 corporum
761 1683 855 1752 figuris
872 1690 897 1738 et
907 1684 1054 1738 lineamen-

128 1769 181 1834 tis,
204 1772 264 1836 aut,
288 1768 313 1820 si
330 1769 427 1834 mavis,
452 1768 652 1836 elementorum,
679 1774 755 1824 etex
778 1770 875 1838 quibus
898 1776 1054 1837 constamus,

127 1853 300 1908 mixtionibus
318 1860 343 1907 et
360 1855 580 1924 temperamentis,
597 1870 629 1908 ac
646 1855 755 1925 proinde
765 1868 819 1908 nec
835 1853 915 1908 facile
932 1855 994 1923 regi,
1005 1870 1054 1924 gu-

127 1939 282 2009 bernarique
299 1945 417 2009 possunt,
453 1940 524 2010 Quin
540 1941 644 2010 potius,
662 1941 875 2009 quemadmodum
895 1957 947 1995 nou
965 1942 1053 1996 eadem

127 2026 325 2092 medicamenta,
352 2041 400 2080 nec
423 2027 511 2080 eadem
534 2015 658 2082 alimenta
681 2025 832 2094 corporibus
849 2025 987 2096 quibusvis
1004 2027 1054 2078 ad-

127 2111 263 2181 hibentur,
289 2113 335 2166 sed
352 2112 407 2166 alia
423 2113 497 2181 aliis,
522 2112 610 2168 habita
627 2112 750 2166 videlieet
767 2111 810 2165 vel
827 2113 949 2166 sanitatis
966 2126 1055 2166 eorum

128 2196 173 2250 vel
189 2198 315 2252 adversae
332 2198 490 2252 valetudinis
507 2191 617 2252 ratium:
637 2199 726 2251 eodem
743 2212 844 2266 quoque
861 2199 936 2252 modo
952 2198 1056 2252 animae

129 2283 233 2338 diversa
249 2285 348 2338 ratione
373 2299 405 2338 ac
429 2284 570 2352 disciplina
594 2288 726 2342 curantur.
760 2284 786 2336 Ii
809 2299 885 2354 porro
911 2285 1055 2338 curationis

128 2374 208 2422 testes
226 2376 295 2438 sunt,
312 2371 356 2440 qui
373 2371 470 2425 morbis
485 2369 633 2440 hujusmodi
651 2374 786 2428 vexantur.
814 2371 892 2424 Alios
908 2385 993 2427 sermo
1003 2372 1055 2425 du-

128 2455 177 2520 cit,
195 2455 242 2508 alii
262 2457 380 2525 exemplo
398 2448 596 2526 componuntur.
630 2455 687 2510 Alii
704 2455 851 2510 calcaribus
868 2471 935 2527 opus
952 2457 1055 2522 babent,

126 2542 178 2595 alii
197 2543 278 2596 freno.
312 2545 376 2596 Nam
396 2545 441 2612 qui
459 2555 553 2610 segnes
571 2547 641 2610 suut,
659 2547 736 2612 atque
755 2543 789 2596 ad
806 2542 901 2597 bonum
914 2545 1054 2612 aegreim·

121 2627 277 2696 pclluntur,
295 2628 325 2681 hi
341 2627 478 2682 verborum
496 2629 609 2688 stimulis
627 2628 756 2682 excitandi
770 2632 846 2694 sunt3
864 2629 982 2696 quivero
996 2629 1055 2697 spi-

127 2713 189 2779 ritu,
207 2728 286 2782 qnam
303 2714 414 2782 parsit,
431 2711 601 2767 ferventiores
619 2719 695 2781 sunt,
712 2717 788 2781 atque
805 2711 927 2767 etirenato
945 2715 1055 2783 quodam

128 2799 274 2854 animomm
291 2799 389 2868 impetu
405 2797 538 2867 feruutur,
562 2798 635 2852 velut
659 2799 764 2868 equulei
788 2799 907 2868 generosi
930 2800 1055 2869 procula

127 2889 197 2940 meta
214 2890 363 2952 currentes,
389 2885 439 2938 bos
456 2884 548 2952 utique
564 2885 690 2940 orationis
706 2883 780 2939 freno
797 2899 916 2940 coercere
931 2902 964 2940 ac
978 2887 1054 2940 cohi·

129 2969 191 3024 bere
208 2971 376 3040 praestiterit.
410 2970 482 3024 Aliis
499 2971 615 3025 laudatio
633 2971 740 3024 utilitati
756 2968 814 3040 fuit,
833 2971 896 3024 aliis
912 2972 1054 3041 reprehen-

129 3057 183 3124 sio,
210 3062 321 3128 utraqne
344 3057 464 3112 videlicet
481 3045 629 3126 tempestive
653 3056 777 3111 adhibita:
803 3061 851 3110 aut
867 3061 956 3112 contra
973 3058 1054 3112 detri-

127 3145 225 3210 mento,
252 3158 304 3196 nou
321 3144 473 3212 tempestive
496 3146 521 3196 et
543 3158 601 3196 cum
622 3142 723 3195 ratione
743 3142 869 3197 adhibite.
905 3142 983 3195 Alios
1005 3157 1052 3196 co·

126 3227 239 3282 hortano
255 3228 290 3282 ad
306 3225 421 3282 officium
439 3228 541 3298 dirigit,
558 3229 627 3282 alios
645 3227 805 3298 objurgatio,
823 3233 901 3296 atque
917 3229 983 3281 baec
991 3242 1053 3280 rur·

128 3326 178 3368 sus
193 3312 279 3382 alios,
297 3314 323 3366 si
338 3314 426 3384 palam
442 3317 599 3382 arguuntur3
617 3313 700 3382 ahos,
718 3315 743 3368 si
760 3313 866 3368 remotis
882 3312 989 3367 arbitris
1002 3313 1053 3366 ad·

126 3403 290 3456 moneantur.
332 3397 400 3452 Sunt
424 3399 493 3452 euim
516 3399 564 3470 qui
585 3400 704 3468 privatas
724 3399 913 3456 admonitiones
936 3402 1054 3454 conam·

127 3489 207 3556 nant,
237 3483 345 3556 publica
371 3489 459 3542 autem
480 3485 682 3556 reprehensione
705 3486 739 3540 ad
757 3484 870 3540 cilicium
887 3487 1052 3540 revocentur:

127 3574 191 3626 suut
206 3583 315 3640 maus,
332 3571 378 3640 qni
393 3570 502 3650 liberius
513 3570 679 3642 reprehensi,
695 3571 817 3640 pudorem
834 3583 934 3624 omnem
950 3567 1057 3626 abster-

127 3660 205 3726 gant,
222 3659 364 3726 cautaque
380 3657 484 3712 occulta
500 3656 681 3728 objurgatione
697 3657 818 3712 meliores
834 3657 991 3712 reddantur:
1006 3656 1055 3710 iis·

128 3755 181 3814 que
196 3756 263 3814 quoa
279 3743 364 3800 vicem
381 3756 456 3800 amn
473 3743 561 3801 dolere
577 3743 747 3815 perspiciunt,
764 3743 816 3798 boc
831 3743 950 3800 muneris
969 3742 1054 3804 vieta·
