2468 4218
550 249 777 316 ...126-

163 419 340 506 mnspmtu
364 432 505 508 cumque
527 429 646 486 contra
665 417 864 485 irascentem
885 417 1161 485 dissimulatum·
1218 445 1219 450 ¹

161 516 281 585 borum
298 518 418 606 jacula
438 517 580 586 reddere
588 567 598 602 ,
623 517 722 606 qnasi
736 528 995 606 persequentem·
1010 537 1079 584 non
1095 515 1166 583 ruit

161 615 275 685 ferire.
319 617 388 684 Sed
415 639 491 684 cum
519 617 675 684 iracundi
703 616 796 682 nulla
825 616 1095 683 consideratione
1130 632 1163 680 sc

162 719 338 803 mitigant,
372 727 406 784 et
427 719 525 805 quasi
546 716 650 782 Asael
671 718 831 803 persequi
859 727 893 782 et
919 717 1068 782 insanire
1097 735 1162 781 non

163 827 312 899 cessant3
342 835 479 884 neeesse
505 826 570 898 est,
599 825 647 880 ·ut
667 817 719 897 hi,
744 815 803 903 qui
822 815 976 882 furentes
998 824 1164 880 conantur

162 917 362 1000 reprimere,
393 937 609 1003 nequaquam
637 937 673 981 se
701 918 737 980 in
767 915 883 982 furore
910 916 1066 999 erigant,
1108 911 1164 978 sed

166 1015 331 1102 quidquid
352 1026 404 1082 est
424 1014 678 1102 tranquillitatis
692 1014 884 1098 ostendant3
908 1014 1072 1101 quaedam
1083 1033 1164 1078 vero
1219 1063 1220 1102 ,

165 1112 335 1181 subtiliter
355 1115 547 1203 proferant,
578 1117 614 1181 in
641 1112 765 1202 quibus
793 1135 836 1180 ex
863 1113 999 1201 obliquo
1020 1112 1165 1177 furentis
1219 1191 1220 1196 ἵ

163 1215 312 1280 aniuuum
334 1225 496 1302 pungant
540 1215 639 1280 Unde
663 1223 695 1280 et
716 1205 832 1280 Abner
855 1219 1067 1280 cumcontra
1090 1235 1163 1299 per·

163 1325 358 1400 sequentem
391 1313 559 1396 substitit,
598 1337 664 1381 non
698 1337 774 1380 eum
809 1323 919 1394 recta,
953 1311 1012 1377 sed
1040 1333 1164 1376 aversa

161 1408 260 1478 hasta
289 1414 520 1479 transforavit.
564 1414 618 1478 Ex
644 1435 803 1481 mucrone
832 1415 957 1500 quippe
988 1421 1165 1499 pereutere

163 1513 214 1574 eit
241 1513 367 1597 impetu
395 1522 533 1599 apertae
560 1514 800 1600 increpationis
833 1512 982 1580 obviare.
1031 1511 1165 1576 Aversa

161 1629 241 1674 vero
269 1609 368 1676 hasta
394 1625 649 1699 persequentem
677 1614 778 1679 ferire
808 1621 860 1678 est
885 1612 1047 1678 furentem
1068 1621 1164 1677 tran-

34 1715 41 1730 ‘
162 1706 267 1793 quille
289 1731 332 1774 cx
355 1709 556 1796 quibusdam
577 1723 717 1798 tangere
739 1723 772 1778 et
794 1714 892 1799 quasi
914 1709 1083 1799 parcendo
1108 1735 1165 1776 su·

160 1829 290 1894 perere.
332 1809 437 1876 Asadi
460 1821 571 1878 autem
592 1815 744 1902 protinus
766 1809 950 1890 occumbit,
973 1812 1054 1899 quia
1074 1833 1164 1877 eorn-

159 1915 269 1972 motae
291 1919 418 1975 mentes
430 1960 440 1993 ,
464 1911 542 1977 dum
563 1921 597 1978 et
618 1913 712 2000 parci
734 1911 798 1977 sibi
821 1911 977 1994 sentiunt,
1000 1921 1165 1976 ettamen

159 2027 394 2094 responsorum
430 2013 561 2077 ratione
592 2013 627 2078 in
659 2012 784 2077 intimis
819 2011 882 2077 sub
913 2009 1163 2097 tranquillitate

159 2112 361 2192 tanguntur,
385 2109 428 2175 ab
450 2131 505 2194 eo,
530 2108 618 2197 quod
634 2133 669 2177 se
684 2119 873 2194 erexerant,
898 2109 1010 2176 statim
1025 2107 1162 2174 cadunt.

161 2201 230 2284 Qui
252 2229 333 2291 ergo
355 2230 376 2272 a
397 2207 540 2276 fervoris
558 2211 583 2292 ¹)
606 2211 659 2274 sui
680 2210 805 2296 impetu
828 2208 890 2275 sub
913 2207 1062 2274 lenitatis
1083 2229 1162 2294 per·

159 2305 313 2371 eussione
335 2307 506 2392 resiliunt,
531 2310 628 2396 quasi
651 2311 723 2376 sine
743 2301 834 2376 ierro
855 2308 1053 2374 moriuntur.

428 2545 432 2552 .
484 2489 681 2557 CAPUT
720 2492 832 2560 XVII.

279 2615 451 2684 Quomodo
475 2613 686 2671 admonendi
713 2619 864 2672 humiles
888 2624 920 2671 et
944 2619 1043 2672 elati.

219 2747 330 2815 Aliter
352 2751 551 2822 admonendi
569 2766 647 2822 sunt
659 2753 813 2840 humiles,
837 2766 937 2842 etque
949 2754 1048 2820 aliter
1063 2752 1158 2820 elati

158 2847 234 2915 Illis
265 2851 503 2938 insinuandum
533 2865 600 2938 est,
634 2877 734 2942 quam
761 2857 805 2920 sit
832 2877 914 2922 vera
944 2852 1158 2938 excellentia,

159 2971 260 3038 quam
288 2952 454 3038 sperando
481 2963 610 3038 tenent;
638 2956 711 3022 istis
734 2976 813 3022 vero
841 2951 1063 3020 intimandum
1092 2965 1158 3036 est,

159 3069 260 3140 quam
282 3051 325 3116 sit
345 3052 443 3120 nulla
464 3054 659 3144 temporalis
681 3053 806 3140 gloria,
831 3076 930 3142 quem
953 3063 986 3118 et
1010 3051 1157 3138 amplec-

157 3155 269 3215 tentes
301 3173 368 3216 non
399 3162 526 3222 tenent.
579 3153 730 3220 Audiant
761 3149 920 3235 humiles,
955 3173 1055 3238 quam
1087 3153 1160 3217 sint

157 3257 308 3334 aeterna,
332 3273 419 3338 quae
434 3262 608 3340 appetunt,
633 3276 733 3340 quam
747 3251 954 3336 transitoria,
978 3271 1158 3337 quaecon·

156 3353 322 3414 temnunt:
344 3350 484 3416 audiant
505 3347 605 3434 elati,
629 3373 729 3440 quam
750 3352 817 3420 sint
837 3350 1043 3433 transitoria,
1068 3372 1159 3434 quae

157 3446 326 3532 ambiunt,
359 3472 458 3537 quam
488 3460 646 3534 aeterna,
679 3473 766 3538 quae
797 3449 953 3538 perdunt.
1004 3447 1159 3516 Andiant

156 3543 300 3617 humiles
322 3570 366 3614 ex
387 3549 548 3632 magistra
569 3572 651 3634 voce
673 3549 851 3619 Veritatis:
885 3545 1047 3632 Omnis,
1078 3549 1158 3633 qui

156 3667 414 3681 ——uo———a—-ae-—u-

192 3725 213 3788 ¹l
230 3722 293 3776 Alit.
312 3723 416 3782 luroris.
