2468 4218
461 262 685 330 ..141-

74 431 272 499 redimeuda
302 434 524 500 committunt:
552 453 596 496 ne
630 431 784 497 venalem
812 433 880 498 Dei
907 435 1079 519 justitiam
1156 490 1159 495 .

76 532 269 612 aestiment,
301 533 329 596 si
351 553 423 596 eum
447 539 568 596 curant
589 553 648 618 pro
677 535 825 617 peccatis
846 553 995 598 nummos
1016 535 1078 596 tri·

65 632 207 712 ·buere,·
233 627 441 696 arbitrentur
472 653 507 696 se
536 650 634 717 posse
661 629 764 696 inulte
786 653 938 718 peceare.
976 631 1076 698 Plus

76 741 145 794 est
175 749 319 816 namque
353 731 498 795 anima
527 750 652 816 quam
681 751 811 812 esca,
849 741 891 798 et
921 751 1076 816 corpus

77 849 199 912 quam
220 829 526 894 vestimentum.
543 825 569 914 ¹)
613 827 682 908 Qui
703 851 783 915 ergo
807 851 916 896 escam
938 841 997 896 aut
1017 851 1075 894 vs·

78 929 268 994 stimentum
300 926 507 1015 pauperibus
528 926 689 1013 largitur,
726 929 783 995 ssd
810 941 922 995 tamen
944 931 1075 996 animae
1196 961 1199 968 ·

76 1026 135 1092 vel
164 1028 311 1114 corporis
338 1028 517 1113 iniquitate
545 1027 728 1113 polluitur,
764 1026 854 1116 quod
887 1029 997 1094 minus
1025 1036 1080 1093 est

71 1128 229 1214 justitiae
257 1126 398 1210 obtulit,
431 1135 465 1190 et
493 1124 582 1213 quod
613 1129 723 1214 majus
751 1138 817 1209 est,
846 1127 983 1217 culpae:
1014 1147 1079 1192 sua

6 1295 12 1302 ,
78 1226 168 1291 enim
189 1223 263 1290 Deo
286 1225 376 1290 dedit
397 1235 430 1291 et
451 1248 487 1290 se
512 1223 651 1292 diabolo.

139 1324 186 1390 At
206 1336 322 1392 contra
343 1324 544 1391 admonendi
568 1336 662 1408 sunt,
692 1329 750 1414 qui
772 1325 881 1392 adhuc
911 1337 944 1391 et
966 1325 1080 1391 aliena

75 1447 197 1512 rapere
209 1423 427 1506 contendunt,
451 1435 489 1490 ut
503 1424 645 1491 sollicite
657 1427 807 1508 audiant,
832 1425 913 1514 quid
934 1426 1081 1490 veniens

75 1524 110 1589 in
131 1523 294 1610 judicium
308 1522 472 1589 Dominus
483 1524 582 1590 dicat.
626 1527 686 1592 Ait
700 1525 863 1612 namque:
883 1524 1079 1608 Esurivi,

77 1637 117 1690 et
138 1646 218 1688 non
241 1622 421 1688 dedistis
449 1623 547 1688 mihi
568 1623 837 1707 manducare3
871 1623 1010 1706 sitivi,
1032 1631 1078 1687 et

75 1745 156 1788 non
176 1721 358 1788 dedistis
380 1722 480 1786 mihi
500 1721 662 1806 bibere;
692 1723 846 1810 hospes
875 1731 1007 1804 eram,
1036 1731 1079 1786 et

76 1843 160 1888 non
183 1819 434 1907 collegistis
462 1845 535 1904 me3
564 1820 719 1905 nudus,
748 1833 787 1886 et
809 1846 891 1888 non
914 1822 1077 1910 operui·

77 1922 155 1986 stis
178 1941 255 2002 me3
277 1919 481 1987 infirmus
502 1935 543 1986 et
564 1921 610 1986 in
632 1943 823 2004 earcere,
849 1933 890 2007 et
913 1945 996 1988 non
1018 1921 1079 1988 vi·

77 2019 255 2086 sitastis
284 2042 355 2084 me.
367 2019 395 2108 ²)
438 2020 570 2102 Quibus
593 2021 693 2087 etiam
716 2021 918 2106 praemittit,
943 2020 1082 2086 dicens:

76 2117 300 2184 Discedite
328 2143 431 2185 ame
459 2119 680 2184 maledicti
707 2121 750 2184 in
779 2119 914 2203 ignem
947 2129 1081 2183 aeter·

75 2241 189 2301 num,
219 2219 297 2303 qui
329 2229 505 2306 paratus
532 2229 595 2284 est
624 2216 796 2283 diabolo
820 2227 861 2283 et
890 2215 1079 2302 angelis

76 2319 181 2404 ejus.
195 2315 221 2400 ³)
267 2317 354 2382 Ecce
385 2339 599 2404 nequaquam
633 2315 797 2400 audiunt,
832 2320 913 2404 quia
935 2319 1078 2404 rapinas

75 2416 134 2482 vel
157 2415 330 2504 quaelibet
350 2416 417 2482 alia
445 2416 595 2481 violenta
624 2417 879 2498 commiserunt,
910 2427 1080 2482 ettamen

77 2517 224 2580 aeternis
246 2516 421 2601 gehennae
441 2513 578 2601 ignibus
599 2517 845 2603 mancipantur.
886 2517 975 2582 Hine
996 2535 1077 2598 ergo

76 2613 303 2700 colligendum
326 2625 391 2698 est,
416 2623 545 2703 quanta
566 2613 778 2681 damnatione
800 2614 966 2702 plectendi
988 2623 1082 2698 sunt,

76 2716 137 2801 qui
158 2717 297 2800 rapiunt
316 2715 438 2796 aliena,
464 2717 494 2779 si
515 2723 610 2780 tanta
634 2713 928 2782 animadversione
949 2714 1076 2780 feriun-

74 2826 144 2898 tur,
169 2815 228 2902 qui
251 2837 313 2881 sua
335 2814 517 2880 indiscrete
531 2825 719 2880 tenuerunt.
761 2813 988 2901 Perpendant,
1010 2837 1080 2900 quo

76 2935 134 2982 eos
155 2912 282 2999 obliget
302 2927 398 2982 reatu
421 2939 476 2981 res
498 2925 615 3000 capta,
640 2915 668 2979 si
690 2913 753 2978 tali
782 2913 920 3004 subjicit
947 2936 1080 3001 poenae·

76 3013 300 3080 contradita.
345 3014 575 3103 Perpendant‚
609 3014 689 3101 quid
710 3025 880 3080 mereatur
909 3015 1076 3103 injustitie

74 3113 194 3194 illata,
229 3115 257 3179 si
284 3122 379 3180 tanta
410 3116 625 3201 percussione
652 3113 755 3200 digna
785 3122 836 3179 est
868 3115 975 3200 pietas
1008 3133 1075 3178 nou

74 3214 238 3299 impensa.

141 3311 224 3378 Cum
260 3313 372 3380 aliena
413 3335 534 3401 rupere
569 3311 764 3397 intendunt,
810 3312 951 3378 audiant
988 3309 1080 3396 quod

76 3415 312 3502 scriptumest:
334 3415 420 3482 Vae
438 3415 491 3498 ei,
514 3416 585 3500 qui
603 3413 859 3501 multiplicet
880 3433 960 3476 non
984 3415 1079 3494 su2s:

103 3644 124 3709 ¹)
142 3643 235 3698 Multo.
257 3642 283 3711 6,
309 3643 353 3702 25.
386 3640 450 3698 Luc.
477 3643 526 3714 12,
551 3639 594 3701 ἢ
626 3669 654 3680 -
680 3642 811 3708 ¹)Mattb.
828 3641 870 3707 2⁵,
896 3638 939 3696 36.
960 3639 1001 3696 36.
1021 3669 1055 3682 -

146 3725 158 3758 ⁸
184 3729 276 3784 *Mstttn
295 3727 337 3798 25,
356 3729 398 3783 u.
908 3751 910 3754 ·
