2486 4222
599 274 640 290 ..
681 237 721 306 16
764 275 804 292 .-

199 405 259 472 tris
279 406 490 492 unigenitus,
512 414 550 470 ut
571 397 681 496 multis
703 403 896 493 prodesset,
924 403 965 470 de
988 405 1070 472 sinn·
1087 405 1197 475 Patris

201 525 355 590 egressus
377 513 430 570 est
448 502 683 602 adpnblicum
702 505 874 570 noenum?

556 685 750 757 CAPUT
781 688 843 754 VI.

201 823 299 892 Quod
321 823 371 887 nr,
390 823 451 892 qui
479 823 624 890 pondus
651 825 851 892 regiminis
875 837 938 892 per
958 820 1195 876 humilitatam

227 906 385 975 lugiunt,
403 914 488 961 tunc
510 923 591 962 vere
614 917 695 962 sunt
718 909 884 975 humiles,
911 922 1010 976 quum
1034 907 1171 962 divinis

436 986 603 1076 qudiciis
627 1010 696 1048 non
717 995 955 1048 reluctantur.

260 1127 305 1194 Et
333 1137 411 1195 sunt
438 1127 624 1212 nonnulli„
649 1131 706 1217 qui
728 1151 770 1194 ex
799 1129 867 1196 sola
889 1127 1074 1195 humilitate
1105 1130 1194 1195 reiu-

199 1229 311 1314 giunt,
335 1251 377 1292 ne
399 1229 464 1310 eis,
496 1229 617 1316 quibus
639 1252 675 1294 se
696 1231 842 1316 impares
864 1229 1063 1310 aestimant,
1099 1249 1194 1316 prae-

197 1327 358 1393 ferantur.
393 1326 542 1407 Quorum
563 1328 710 1412 profecto
732 1327 910 1411 humilitas,
934 1327 963 1394 si
976 1330 1099 1395 ceteris
1115 1351 1195 1416 quo-

200 1451 266 1514 que
289 1427 473 1493 virtutibus
496 1427 658 1512 cingitur,
686 1435 767 1492 tune
789 1435 867 1492 ante
889 1427 956 1490 Dei
978 1426 1092 1493 oculos
1115 1449 1195 1492 vera

200 1540 266 1610 est,
296 1549 371 1592 cum
393 1525 436 1591 ad
458 1524 683 1608 respuendum
704 1524 784 1607 hoc,
815 1526 904 1614 quod
924 1526 1054 1592 utiliter
1081 1526 1195 1592 subire

198 1627 421 1716 praecipitur,
453 1627 612 1715 pertinax
642 1647 707 1691 non
738 1635 797 1690 eet.
846 1625 964 1714 Neque
995 1627 1084 1691 enim
1114 1649 1194 1691 vere

199 1725 335 1793 humilis
358 1736 424 1808 est,
450 1727 508 1813 qui
530 1727 666 1814 superni
687 1735 787 1792 nutus
810 1726 993 1808 arbitrium,
1017 1735 1056 1791 ut
1071 1725 1196 1790 debeat

199 1849 375 1913 praeesse,
407 1825 584 1917 intelligit,
618 1835 651 1890 et
678 1835 791 1891 tamen
819 1847 977 1912 praeesse
1002 1828 1196 1891 contemnit.

199 1925 266 1993 Sed
288 1924 411 1991 divinis
432 1924 707 2010 dispositionibus
731 1924 910 2007 subditus,
934 1935 1036 2014 atque
1063 1946 1083 1988 a
1114 1927 1198 1992 vitio

198 2023 432 2092 obstinationis
454 2023 601 2105 alienus,
626 2049 699 2091 oum
715 2026 781 2091 sibi
799 2025 969 2108 regiminis
988 2021 1121 2091 eulmen
1136 2025 1197 2088 im·

198 2137 355 2214 peretur,
392 2125 420 2190 si
442 2126 514 2212 jam
546 2124 640 2191 donis
668 2121 874 2212 praeventus
904 2134 972 2206 est,
1008 2126 1133 2211 quibus
1166 2135 1199 2190 et

198 2225 272 2290 aliis
300 2227 425 2311 prosit,
456 2235 489 2290 et
518 2247 561 2290 ox
590 2227 688 2292 corde
711 2224 810 2291 debet
839 2223 975 2310 fugere,
1005 2235 1039 2290 et
1068 2225 1198 2291 invitus

196 2322 392 2411 ώώωὴ
640 2341 642 2346 ’

542 2490 735 2559 CAPUT
767 2490 846 2558 VII.

198 2629 294 2696 Quod
321 2643 579 2698 nonnunquam
603 2626 919 2695 praedicationis
949 2623 1129 2680 officium
1158 2635 1195 2681 et

224 2715 389 2766 nonnulli
408 2713 656 2767 laudabiliter
680 2717 874 2782 appetunt,
899 2718 930 2767 et
947 2713 989 2766 ad
1006 2713 1069 2766 hoe
1086 2725 1171 2765 norr-

291 2800 387 2853 nulli
409 2798 654 2854 laudabiliter
677 2800 799 2852 eoacti
826 2800 1093 2868 pertrabuntur.

260 2936 423 3018 Quamvis
445 2957 685 3022 nonnunquam
706 2934 965 3022 praedicationis
994 2934 1138 3028 officium
1161 2947 1195 3000 et

196 3037 349 3118 nonnulli
375 3031 595 3102 laudabiliter
617 3044 796 3122 appetunt,
826 3045 860 3100 et
888 3035 931 3100 ad
953 3031 1016 3102 hoc
1036 3035 1196 3102 nonnulli

196 3137 415 3204 laudabiliter
436 3135 541 3200 coacti
560 3133 817 3224 pertrahuntur3
850 3134 939 3221 qnod
964 3135 1090 3224 liquido
1114 3159 1194 3222 cog·

204 3284 486 3309 .......-'-—-----—-

236 3372 255 3434 ¹)
282 3369 408 3435 „Tantum
426 3363 459 3418 ab
478 3363 577 3420 anrbitu
594 3365 667 3418 debet
683 3377 742 3418 esse
760 3364 905 3433 sepositus,
932 3371 961 3418 ut
985 3372 1125 3436 quaeratur
1142 3383 1194 3424 eo-

281 3453 395 3520 gendus,
414 3455 521 3520 rogatus
537 3452 654 3518 recedet,
672 3449 799 3520 invitatus
817 3451 937 3520 effugiat:
956 3451 1013 3505 sola
1031 3453 1073 3506 illi
1092 3451 1194 3508 suffra·

278 3543 354 3606 getur
370 3537 515 3592 necessitas
532 3537 684 3592 excusandi.
719 3535 838 3590 Proiecto
855 3537 923 3590 enirn
940 3539 1066 3607 indignus
1084 3545 1124 3592 est
1142 3555 1194 3596 sa-

246 3645 257 3666 e
281 3626 406 3692 carietto,
433 3625 488 3678 nisi
504 3622 581 3677 fuerit
603 3624 738 3677 ordinatus
755 3623 881 3676 invitus.“
895 3622 920 3692 ²)
955 3623 1002 3693 „st
1018 3632 1195 3696 ιιιιοιιιιιιιιιιιιι

281 3712 345 3767 (lod.
363 3711 395 3767 da
411 3715 499 3784 Epioe.
516 3715 541 3768 et
558 3709 627 3765 Gler.
645 3737 677 3749 -
697 3708 718 3774 ²)
735 3709 816 3764 Addit
832 3709 938 3779 glossa:
958 3712 1021 3778 „set
1037 3713 1155 3771 wleus.“
