2468 4218
475 825 616 919 rtur
652 822 877 920 rrrru.
960 915 962 920 ,

174 1035 438 1146 Qualiter
462 1043 656 1126 rector
680 1043 827 1128 laone
858 1039 1053 1124 vivens
1075 1033 1179 1122 de-

263 1156 398 1242 beat
433 1156 642 1244 dooere
677 1161 735 1243 et
769 1157 1078 1244 admonere

532 1273 807 1365 subditos.
1083 1306 1087 1311 -

465 1619 882 1692 PROLOGUS.

235 1781 325 1862 Quia
347 1783 450 1866 igitur
479 1779 590 1871 qualis
612 1804 684 1850 esse
716 1781 855 1864 debeat,
887 1791 1001 1868 pastor
1028 1778 1177 1844 ostendi·

171 1919 260 1977 mus,
282 1919 373 1962 nuno
395 1895 538 1983 qualiter
559 1896 687 1982 doceat,
711 1895 982 1964 demonstremus.
1016 1894 1064 1960 Ut
1083 1897 1176 1961 enim

168 2011 268 2098 longe
291 2022 368 2080 ante
391 2036 452 2080 nos
473 2014 677 2082 reverendae
699 2013 875 2079 memoriae
898 2011 1080 2098 Gregorius
1107 2009 1175 2074 Na

170 2131 355 2198 zianzenus
378 2130 512 2198 edocuit
534 2131 576 2218 ²),
598 2153 663 2197 non
687 2154 756 2197 una
772 2129 954 2216 eademque
969 2127 1100 2195 eunetis
1115 2150 1174 2192 ex·

170 2245 315 2314 hortatio
338 2249 504 2334 congruit,
529 2249 608 2334 quia
629 2270 691 2313 neo
712 2255 847 2313 cunctos
863 2267 925 2331 par
941 2267 1068 2310 morum
1085 2265 1174 2330 qua·

169 2361 247 2427 litas
269 2362 462 2448 adstringit.
507 2363 616 2452 Saepe
637 2385 780 2450 namque
803 2361 876 2428 aliis
898 2361 1057 2441 officiunt,
1080 2380 1173 2444 quae

171 2476 248 2543 aliis
270 2488 423 2564 prosunt,
447 2480 527 2566 quia
550 2489 582 2544 et
603 2480 797 2567 plerumque
813 2476 951 2560 herbae,
976 2497 1061 2564 quae
1083 2471 1175 2540 haee

204 2700 226 2760 ¹)
244 2696 315 2752 Orat.
334 2701 358 2752 1.
393 2697 571 2766 Opportunum
587 2713 645 2754 esse
664 2700 800 2765 duximus,
823 2701 966 2765 integrum,
986 2699 1017 2750 do
1035 2711 1084 2766 quo
1103 2700 1172 2765 agi·

239 2788 281 2836 tur
298 2784 399 2850 locum,
417 2785 460 2839 hia
478 2784 581 2840 referre.
605 2787 690 2850 „Non
709 2783 777 2836 euim
796 2785 898 2836 eaodem
916 2785 1037 2850 rationes,
1053 2781 1100 2848 ait,
1122 2799 1175 2838 nec

239 2870 317 2922 iidem
336 2871 478 2924 animorum
500 2873 611 2940 impetus
630 2875 690 2922 sunt
713 2870 791 2922 maris
817 2875 842 2922 et
858 2868 1000 2935 foeminae,
1027 2870 1174 2922 senectutis

238 2962 263 3008 et
280 2957 480 3024 adolescentiae,
509 2957 658 3010 divitiarum
683 2961 708 3007 et
726 2955 900 3024 paupertatis,
928 2955 1023 3008 hilaris
1043 2959 1067 3007 et
1089 2967 1171 3007 moe·

236 3043 329 3110 rentis,
348 3044 406 3096 sani
425 3049 449 3097 et
465 3042 640 3112 aegrotantis,
658 3042 806 3110 principum
824 3047 849 3094 et
864 3041 1041 3108 subditorum,
1074 3041 1172 3092 erudi·
1193 3089 1195 3104 ,

237 3134 319 3180 torum
337 3134 363 3182 et
381 3131 558 3196 indoctorum,
584 3128 723 3180 audacium
741 3132 765 3181 et
783 3127 942 3194 timidorum,
971 3127 1171 3180 mansuetorum

157 3235 159 3240 ·
218 3219 262 3268 et
278 3215 474 3282 ineundorum,
502 3228 608 3268 munere
625 3213 759 3282 praeclare
776 3210 939 3280 fungentium
967 3217 993 3264 et
1010 3209 1169 3266 cadentium.

236 3300 311 3369 Quod
330 3302 353 3354 si
371 3299 521 3354 accuratius
538 3313 592 3352 rem
610 3299 753 3368 expandas,
773 3303 897 3367 quantum
915 3297 1080 3351 intervallum
1097 3295 1172 3350 inter

235 3386 389 3456 conjugatos
409 3389 434 3438 et
450 3382 563 3438 coelibes
580 3385 743 3456 interjaetuu
760 3385 892 3454 reperies?
927 3385 969 3436 Ex
993 3385 1038 3437 his
1061 3397 1160 3437 rursus

235 3476 360 3539 quantum
378 3469 445 3526 iuter
462 3469 614 3526 solitudinis
632 3477 766 3540 amantes,
795 3476 821 3526 et
838 3485 883 3524 eos
909 3471 956 3539 qui
980 3468 1100 3523 sodalitio
1121 3472 1169 3524 vi-

234 3564 326 3632 taeque
354 3555 476 3611 sotietate
496 3561 627 3626 gaudent,
657 3557 818 3615 discriminis
839 3557 906 3610 erit?
942 3556 1073 3626 Quantum
1095 3555 1169 3610 inter

233 3657 280 3706 eos
305 3642 351 3714 qui
376 3641 403 3694 in
430 3643 643 3713 contemplatione
669 3643 747 3712 longe
774 3648 969 3712 processerunt,
996 3647 1021 3696 et
1045 3655 1090 3696 eos
1115 3645 1165 3711 qui

234 3729 360 3782 duntaxat
384 3733 481 3784 reatum
508 3729 576 3784 ritae
599 3729 648 3788 iter
670 3731 778 3784 tenum?
820 3729 952 3800 Quantum
975 3741 1068 3784 rursus
1094 3727 1166 3784 inter
