2486 4222
432 265 638 331 ...19-

26 435 166 514 discite,
197 433 278 521 qnid
300 434 486 522 quaeratis,
515 454 558 501 na
579 432 658 500 dum
679 436 899 522 vosmetipsos
921 436 1033 499 metiri

28 532 224 618 negligitis,
247 542 341 598 tanto
362 532 490 599 foedior
510 539 626 599 vestra
646 533 956 620 reprehensibilitas
973 555 1032 622 ap·

28 643 170 718 pareat,
196 641 322 719 quanto
345 643 379 698 et
399 655 420 696 a
441 633 571 697 eunctis
589 633 735 719 conspici
757 633 940 700 inhonoris
954 653 1031 698 aree

28 732 182 800 festinat.
231 730 376 817 Magnus
408 733 495 796 enim
527 731 668 816 regendi
701 733 824 798 artifex
858 732 1032 798 favoribus

30 830 190 918 impellit,
222 830 408 918 terroribus
428 830 590 910 retrahit,
624 842 661 896 ut
691 832 861 899 auditores
889 854 966 897 suos
1000 843 1033 896 et
1147 822 1149 828 ’

30 929 203 1018 descripto
232 928 599 1017 irreprehensibilitatis
630 930 772 998 culmine
801 933 984 1017 restringat
1012 953 1034 998 a

31 1029 206 1115 superbia,
230 1039 264 1094 et
274 1029 418 1095 officinm
431 1027 615 1111 laudando,
639 1030 727 1117 quod
739 1031 922 1118 quaeritur,
947 1053 1032 1098 com*

31 1141 137 1216 ponat
163 1129 206 1193 ed
228 1131 340 1195 vitans.
385 1129 547 1208 Quemvis
568 1130 749 1194 notandum
757 1179 766 1213 ‚
798 1129 885 1216 quod
915 1130 974 1196 illo
995 1133 1031 1202 in

33 1237 184 1316 tempore
214 1228 276 1295 hoc
306 1227 446 1309 dieitur,
478 1251 542 1315 quo
573 1230 725 1316 quisquis
747 1229 902 1315 plebibus
932 1252 1030 1317 prae·

34 1340 126 1409 erat,
150 1331 279 1416 primus
303 1329 347 1393 ad
367 1330 520 1416 martyrii
540 1337 704 1394 tormenta
716 1327 907 1395 ducebatur.
938 1330 1032 1395 Tunc

33 1450 112 1513 ergo
135 1426 306 1494 laudabile
327 1427 393 1494 init
422 1431 649 1515 episcopatum
676 1451 862 1515 quaerere,
896 1428 1031 1514 quando

35 1551 93 1612 per
114 1528 207 1593 hunc
233 1550 399 1616 quemque
429 1528 566 1593 dubium
595 1551 661 1594 non
689 1540 763 1595 eret
793 1529 836 1595 ad
864 1528 1032 1617 supplicia

34 1631 192 1712 graviora
213 1630 399 1716 pervenire.
445 1629 543 1694 Unde
565 1631 673 1715 ipsum
696 1651 830 1715 quoque
858 1631 1030 1716 episcopa·

35 1738 85 1792 tus
109 1727 253 1792 officium
275 1727 355 1792 boni
377 1731 488 1814 operis
514 1729 727 1815 expressione
751 1729 922 1810 definitur,
956 1751 1031 1792 oum

37 1827 168 1892 dicitur:
203 1827 247 1893 Si
269 1829 364 1913 quis
386 1829 681 1914 episcopatum
704 1821 937 1910 desiderat,
967 1827 1029 1893 bo·

37 1949 120 1991 num
155 1949 258 2013 opus
290 1926 523 1992 desiderat.
554 1925 578 2014 ¹)
627 1927 705 2014 Ipse
728 1949 807 2012 ergo
840 1928 904 1992 sihi
935 1929 1029 1992 testis

37 2035 101 2107 est,
133 2025 215 2111 quia
244 2028 473 2114 episcopatum
501 2047 567 2092 non
601 2027 746 2114 appetit,
785 2028 843 2112 qui
871 2049 936 2091 non
969 2050 1029 2113 per

35 2121 120 2191 huno
142 2125 223 2190 boni
244 2127 353 2214 operis
374 2127 607 2206 ministerium,
643 2126 700 2190 sed
730 2125 863 2192 honoris
885 2125 1027 2211 gloriam

37 2229 175 2312 quaerit.
220 2227 356 2294 Sacrum
393 2231 519 2318 quippe
552 2225 694 2292 officium
727 2250 792 2295 non
823 2228 930 2294 solum
960 2249 1027 2294 non

37 2326 144 2413 diligit
168 2331 320 2412 omnino,
346 2330 404 2395 sed
425 2333 542 2412 nescit,
566 2327 624 2417 qui
646 2326 688 2394 ad
710 2329 841 2394 culmen
855 2329 1028 2414 regiminis

36 2426 198 2493 anhelans
222 2430 258 2494 in
280 2430 409 2496 occulte
430 2430 644 2495 meditatione
672 2430 883 2516 cogitationis
905 2438 1030 2496 cetero·

37 2547 104 2590 rum
127 2527 337 2614 subjectione
358 2532 518 2617 pascitur,
539 2530 637 2594 leude
655 2533 790 2619 propria
806 2529 961 2611 laetatur,
985 2529 1029 2592 ed

37 2621 192 2693 honorem
214 2651 271 2694 cor
292 2629 416 2712 elevat,
445 2651 555 2694 rerum
588 2629 796 2696 affluentium
819 2626 1029 2718 abundantio

39 2727 169 2793 exultat.
214 2729 332 2796 Mundi
354 2751 433 2814 ergo
455 2729 586 2794 lucrum
609 2730 783 2816 quaeritur
805 2725 867 2793 sub
885 2729 959 2814 ejus
970 2726 1029 2792 ho-

38 2829 121 2893 noris
143 2830 276 2916 specie,
309 2851 374 2915 quo
396 2827 511 2897 mundi
542 2828 671 2892 destrui
701 2826 796 2891 lucra
830 2823 1030 2892 debuerunt.

39 2924 184 3016 Cumque
211 2949 304 2995 mens
331 2928 529 2994 humilitatis
557 2927 685 2993 eulmen
712 2925 861 3010 arripere
889 2926 932 2990 ad
959 2924 1029 2990 ela·

37 3026 150 3093 tionem
173 3029 310 3114 cogitat,
335 3028 422 3114 quod
443 3027 525 3094 ioris
547 3028 688 3115 appetit,
712 3029 802 3092 intus
824 3028 985 3092 immutat.

68 3222 88 3290 ¹)
109 3227 132 3280 1.
152 3225 217 3278 (lim.
238 3223 269 3289 3,
290 3225 314 3276 1.
334 3251 364 3260 —
394 3224 468 3292 Quoi
488 3225 518 3275 de
536 3221 687 3291 Episcopis,
711 3237 768 3276 curu
792 3221 971 3287 proportione,
1001 3225 1030 3273 ut

115 3314 220 3365 monent
243 3310 408 3378 interpretas,
434 3308 548 3376 intelligi
571 3307 629 3360 vult
646 3306 790 3374 Apostolus
813 3307 843 3358 de
861 3305 982 3374 parochis
1002 3311 1031 3356 et

116 3400 242 3476 quotquot
259 3395 354 3451 habeut
371 3395 516 3448 animarum
536 3409 632 3472 curam.
669 3393 771 3447 Bonum
796 3406 862 3462 opus
888 3395 912 3444 et
936 3390 1026 3442 heroi-

116 3496 175 3534 eum
194 3485 263 3546 erat,
286 3479 336 3533 hoc
354 3484 442 3552 optare
460 3493 565 3543 munus,
590 3493 641 3548 quo
659 3481 772 3542 tempora
788 3478 886 3544 gradus
904 3477 937 3528 ad
954 3489 1027 3527 mar-

115 3566 214 3633 tyrium
239 3562 301 3630 fuit,
323 3565 444 3634 'illudque
467 3563 572 3615 nonnisi
596 3561 791 3631 persecutiones
818 3568 843 3613 et
861 3559 963 3614 labores
981 3573 1026 3615 se·

115 3649 271 3719 quatiantur.
307 3646 443 3704 sexdecim
460 3656 546 3702 autem
565 3649 725 3700 conditiones
751 3647 779 3698 ln
796 3645 926 3714 Episcopo
944 3647 1029 3714 exigit

118 3736 276 3806 Apostolus,
295 3737 382 3790 desem
398 3735 581 3800 alienatione,
601 3746 648 3786 sea
665 3731 810 3800 negativas.
