2468 4218
446 273 671 336 ..rm-⁴
749 343 771 364 Α,

67 425 132 523 duo
162 459 219 518 ea,
254 459 341 524 quae
367 437 549 518 sustinent,
583 457 649 500 non
677 435 868 522 loquuntur.
922 433 1005 497 Nam
1036 435 1064 499 si

65 535 179 600 illatas
202 535 373 601 molestias
394 536 578 623 tranquille
600 534 716 619 lingua
738 535 862 600 diceret
880 531 926 620 ¹),
950 555 970 595 a
985 553 1063 597 con·

65 637 207 700 scientia
229 631 321 700 dolor
342 645 525 701 emanaret.
567 635 713 700 Vulnera
733 637 823 700 ‘eniin
848 634 964 700 clausa
985 630 1064 714 plus

64 736 226 798 cruciant.
269 733 354 798 Nam
376 757 450 799 curn
477 735 636 820 putredo,
671 755 757 819 quae
779 735 921 800 interius
942 732 1061 812 fervet,

65 834 216 920 ejicitur,
239 833 282 898 ad
304 833 446 898 salutem
468 833 562 898 dolor
583 835 743 918 aperitur.
777 833 870 898 Scire
886 835 989 918 igitur
1006 829 1064 896 de·

64 931 164 1014 bent,
187 934 245 1020 qui
265 931 361 1019 plus,
387 955 487 1019 quam
509 934 665 1018 expedit,
687 943 816 1015 tacent,
839 955 881 997 nc
893 933 982 997 inter
995 953 1061 996 mo·

63 1031 172 1112 lestis,
195 1053 282 1117 quae
303 1031 464 1113 tolerant,
489 1029 566 1098 dum
588 1032 739 1116 linguam
761 1039 894 1113 tenent,
917 1033 983 1095 vini
1005 1030 1063 1095 do·

63 1129 146 1194 loris
169 1141 385 1215 exaggerent.
427 1129 636 1195 Admonendi
660 1144 736 1198 sunt
758 1133 864 1212 enirn,
886 1141 924 1193 ut
939 1131 967 1192 si
986 1149 1062 1214 pro·

62 1230 174 1294 simos
196 1230 282 1294 sicut
305 1253 339 1294 se
362 1229 524 1314 diligunt,
548 1230 680 1293 minime
700 1229 768 1294 illis
789 1237 941 1310 taceant,
971 1225 1063 1291 unde

63 1348 120 1393 eos
148 1329 241 1414 juste
278 1328 539 1416 reprehendunt.
593 1330 694 1394 Vocis
727 1331 814 1392 e'nim
845 1326 1065 1392 medicamine

62 1435 279 1512 utrorumque
303 1428 405 1493 saluti
426 1429 647 1511 concurritur,
670 1426 748 1492 dum
770 1437 803 1490 et
825 1426 868 1489 ab
892 1426 969 1508 illo,
1003 1424 1064 1510 qui
1161 1473 1164 1479 .

62 1524 183 1602 infert,
205 1527 290 1590 actio
313 1549 419 1612 prava
441 1529 680 1613 compescitur,
704 1537 738 1593 et
759 1526 802 1590 ab
824 1523 898 1608 hoc,
922 1527 980 1611 qui
1011 1545 1064 1589 su·
1086 1603 1090 1612 ¹

62 1626 165 1690 stinet
173 1673 182 1704 ,
206 1623 325 1690 doloris
340 1625 450 1691 fervor
466 1625 605 1691 vulnere
619 1637 735 1712 aperto
750 1635 963 1712 temperatur.
992 1622 1063 1702 Qui

62 1725 150 1789 enim
174 1725 397 1808 proximorum
418 1725 509 1789 mala
531 1727 735 1810 respiciunt,
767 1737 934 1790 ettamen
960 1725 995 1788 in
1015 1724 1062 1788 sie

62 1823 168 1889 lentio
190 1822 340 1907 linguam
361 1833 534 1911 premunt,
569 1825 667 1908 quasi
695 1825 879 1910 conspectis
911 1822 1064 1888 vulneri-

60 1921 127 1987 bus
158 1911 255 1987 usum
291 1923 519 1987 medicaminis
550 1921 770 2003 subtrahunt,
813 1934 846 1987 ct
878 1945 917 1986 eo
946 1923 1064 1988 mortis

61 2031 216 2087 auctores
237 2019 339 2102 fiunt,
363 2043 427 2107 quo
451 2023 553 2101 virus,
577 2021 665 2107 quod
682 2031 847 2108 poterant,
870 2041 1062 2088 curareno·

60 2122 207 2185 luerunt.
248 2119 382 2204 Lingua
405 2121 519 2207 itaque
542 2120 684 2185 discrete
706 2120 871 2186 frenanda
894 2131 962 2199 est,
992 2141 1061 2185 nou

61 2217 291 2284 insolubiliter
302 2217 328 2306 ²)
344 2219 534 2305 obliganda.
566 2218 733 2303 Scriptum
744 2240 888 2303 namque
901 2229 966 2284 est:
993 2218 1066 2282 Sa·

60 2319 186 2404 piens
216 2317 535 2404 tacebit'usque
563 2317 613 2381 ad
641 2330 803 2405 tempus
825 2317 869 2403 ³),
904 2330 942 2384 ut
963 2320 1058 2382 nimi-

61 2404 137 2482 rum
149 2465 158 2498 ,
195 2439 269 2480 cum
290 2428 512 2503 opportunum
536 2415 743 2500 considerat,
777 2418 961 2512 postposita
984 2439 1065 2483 cen·

61 2536 143 2580 sura
165 2514 288 2579 silentii
310 2515 497 2602 loquendo,
521 2539 608 2602 quae
630 2528 829 2600 congruunt,
853 2519 889 2580 in
911 2539 1008 2582 usum
1025 2538 1065 2580 se

61 2614 220 2680 utilitatis
242 2615 422 2700 impendat.
466 2616 510 2680 Et
530 2639 661 2682 rursum
683 2617 841 2700 scripturn
855 2628 923 2682 ests
946 2616 1060 2680 Tem·

60 2737 138 2799 pus
160 2716 344 2793 tacendi,
369 2725 407 2779 et
428 2726 590 2798 tempus
612 2714 828 2800 loquendi.
845 2714 874 2802 ¹⁴)
907 2717 1064 2781 Discrete

61 2814 187 2898 quippe
217 2812 485 2879 vicissitudinum
514 2813 689 2900 pensanda
718 2824 796 2878 sunt
817 2825 985 2902 tempora,
1017 2837 1061 2881 ne

60 2925 121 2978 aut
143 2933 215 2976 cum
237 2915 395 2996 restringi
416 2912 535 2997 lingua
557 2913 670 2994 debat,
696 2936 756 2998 per
778 2911 881 2980 verba
894 2913 1063 2980 inutiliter

60 3011 208 3094 defluat,
243 3024 302 3078 aut
322 3035 396 3078 cum
419 3013 511 3100 loqui
537 3012 663 3079 utiliter
689 3021 816 3098 potest,
848 3017 1059 3100 semetipsam

59 3114 159 3198 pigre
180 3113 371 3198 restringat.
413 3110 512 3192 Quod
533 3111 620 3178 bene
642 3110 814 3198 psalmista
832 3114 1059 3192 considerans,

60 3211 155 3276 dicit:
184 3211 313 3293 Pone,
337 3211 531 3293 Domine,
554 3211 788 3277 custodiam
812 3213 870 3277 ori
892 3233 994 3293 meo,
1018 3222 1062 3276 ot

59 3309 216 3376 ostium
237 3313 595 3376 circumstantiae
618 3311 752 3377 labiis
773 3313 884 3375 meis.
912 3310 938 3394 ξι)
984 3309 1061 3376 Non

96 3539 200 3602 'istit
217 3525 374 3608 tranquillae
390 3539 498 3608 linguae
516 3553 634 3592 sermone
652 3541 774 3608 dicarent,
795 3553 868 3593 mens
886 3551 903 3590 a
920 3537 1058 3590 conscien-

129 3626 182 3678 tiae
205 3625 292 3679 dolore
316 3626 403 3679 aliana
426 3629 547 3681 manuel.
573 3652 602 3662 -
641 3624 661 3690 ²)
679 3628 743 3680 Alit.
762 3625 938 3680 insalubriter.
969 3653 1000 3663 -
1034 3623 1061 3689 ’γ

127 3710 209 3764 sem.
227 3709 273 3780 20,
291 3710 317 3766 r.
338 3740 367 3750 -
406 3710 430 3780 ⁸)
447 3709 528 3765 seor.
546 3710 570 3781 a,
590 3710 614 3766 7.
635 3739 664 3750 -
704 3709 723 3778 5)
741 3713 786 3766 rs.
805 3708 903 3783 uua
