2486 4222
608 281 648 296 ..
689 245 732 312 2⁰
774 283 813 296 ..

564 437 755 505 CAPUT
789 431 873 502 IX.¹

212 597 309 667 Quod
339 609 430 648 meus
461 607 637 664 praeesse
669 591 866 646 volentium
897 593 1105 660 plerumque
1140 591 1208 646 sibi

267 681 354 734 ficta
377 680 535 734 bonorum
559 693 690 748 operum
714 677 943 746 promissione
972 677 1159 730 blanditur.

276 814 343 883 Sed
371 815 567 903 plerumque
589 814 639 895 hi,
670 815 729 900 qui
759 811 869 880 subire
898 814 1128 896 magisterium
1150 835 1207 902 pa-

212 916 335 983 storale
357 914 512 1002 cupiunt,
534 912 696 979 nonnulla
718 934 850 1000 quoque
871 912 960 978 bona
981 934 1083 998 opera
1097 913 1206 978 animo

211 1025 417 1104 proponunt3
447 1023 481 1079 et
504 1014 655 1100 quamvis
675 1012 738 1079 hcc
764 1013 921 1079 elationis
941 1012 1126 1078 intentione
1146 1033 1207 1098 ap·

211 1125 343 1202 petant,
366 1121 562 1202 operaturos
582 1121 696 1178 tamen
719 1135 753 1176 se
771 1134 895 1197 magna
911 1120 1134 1200 pertractant3
1157 1112 1207 1176 fit-

213 1236 296 1302 que,
332 1223 370 1279 nt
399 1211 493 1279 aliud
526 1213 561 1278 in
590 1213 664 1278 imis
690 1213 829 1277 intentio
867 1213 1069 1298 supprimat,
1114 1209 1208 1274 aliud

211 1315 386 1380 tractantis
422 1314 532 1378 animo
575 1313 768 1396 superficies
800 1312 1011 1396 cogitationis
1043 1309 1207 1376 ostendat

210 1414 297 1478 Nam
320 1435 420 1499 saepe
443 1410 508 1477 sibi
531 1409 580 1476 ἅθ’
595 1433 630 1478 se
651 1433 745 1475 mens
767 1413 841 1499 ipsa
864 1411 1031 1490 mentitur,
1054 1419 1095 1474 et·
1109 1410 1208 1494 fingit

210 1535 245 1579 se
268 1511 417 1579 debono
440 1533 542 1598 opere
563 1533 693 1591 amare,
718 1510 807 1597 quod
820 1533 887 1576 non
903 1519 1008 1592 amat,
1032 1508 1207 1575 demundi

209 1621 321 1678 autem
343 1611 452 1697 gloria
481 1634 549 1676 non
579 1632 690 1676 amare
699 1661 709 1692 ,
740 1608 829 1694 quod
859 1619 963 1674 amat:
996 1630 1084 1694 quae
1113 1611 1207 1694 prin-

207 1713 316 1798 cipari
339 1720 503 1798 appetens
524 1710 561 1774 iit
582 1707 626 1774 ad
647 1709 709 1774 hoc
732 1709 857 1794 pavida
879 1731 953 1774 cnm
973 1709 1120 1797 quaerit,
1151 1731 1207 1774 au·

208 1811 278 1876 dax
299 1833 374 1876 cum
394 1811 596 1898 pervenerit.
641 1807 798 1874 Tendens
820 1809 924 1891 enim,
962 1831 1004 1875 ne
1032 1831 1102 1874 non
1131 1829 1207 1892 per·

208 1911 340 1992 veniat,
372 1908 529 1995 trepidat3
562 1907 620 1974 sed
647 1919 785 1996 repente
813 1909 1017 1994 perueniens
1038 1909 1118 1994 jure
1142 1906 1208 1972 sibi

208 2007 273 2074 hoc
294 2008 459 2090 debitum,
493 2008 538 2075 ad
560 2009 649 2094 quod
670 2009 878 2095 pervenerit,
905 2016 1009 2095 putat.
1054 2007 1206 2094 Oumque

168 2189 170 2196 Δ
207 2109 359 2195 percepti
381 2109 592 2194 principatus
621 2107 729 2174 officio
751 2106 879 2193 perfrui
907 2105 1104 2172 seculariter
1133 2128 1206 2171 coe·

207 2209 312 2297 perit,
334 2207 478 2274 libenter
501 2206 728 2288 obliviscitur,
753 2203 918 2295 quidquid
940 2205 1097 2290 religiose
1115 2207 1205 2290 cogi-

204 2310 300 2372 tavit.
345 2306 444 2373 Unde
474 2329 611 2374 necesse
640 2317 706 2388 est,
739 2315 777 2372 ut
807 2329 881 2373 eum
910 2305 1068 2390 cogitatio
1108 2315 1207 2370 extra

205 2429 304 2472 usum
318 2406 460 2488 ducitur,
484 2407 638 2493 protinus
655 2407 773 2472 mentis
789 2404 905 2470 oculus
921 2405 965 2469 ad
978 2427 1081 2492 opera
1095 2413 1207 2469 trans·

203 2516 282 2572 aeta
308 2516 499 2588 revocetur,
531 2529 571 2572 ac
590 2515 711 2594 penset
734 2505 896 2591 quisque,
928 2502 1011 2590 quid
1034 2501 1207 2590 subjectus

205 2605 325 2689 egerit,
349 2614 383 2670 et
396 2615 535 2691 repente
554 2605 738 2690 cognoscit*
759 2603 788 2670 si
802 2602 973 2689 praelatus
988 2601 1078 2668 bona
1091 2624 1206 2686 agere,

206 2726 294 2792 quae
317 2707 548 2793 proposuerit,
571 2705 693 2791 possit;
719 2704 799 2791 quia
820 2724 1037 2790 nequaquam
1059 2700 1150 2766 valet
1173 2705 1208 2766 in
1229 2689 1232 2696 ¹

204 2803 353 2870 culmine
375 2803 597 2871 humilitatem
615 2804 762 2884 discere,
788 2803 845 2890 qui
858 2805 893 2868 in
907 2803 981 2868 imis
999 2803 1127 2888 positus
1140 2824 1207 2868 non

207 2901 309 2968 desiit
331 2903 513 2986 superbire.
557 2902 672 2968 Nescit
692 2900 842 2983 laudem,
872 2925 945 2968 cum
967 2902 1132 2988 suppetit,
1153 2901 1207 2966 fu·

205 3023 304 3087 gere,
337 3002 395 3088 qui
417 3003 460 3068 ad
481 3005 570 3069 hanc
597 2999 729 3082 didicit,
762 3023 837 3066 cum
860 3000 1005 3083 deesset,
1038 2998 1207 3066 anhelare.
1234 3047 1235 3130 p

206 3099 430 3189 Nequaquam
460 3101 595 3166 vincere
626 3101 804 3166 avaritiam
834 3111 962 3187 potest,
998 3099 1132 3187 quando
1162 3098 1208 3164 ad

207 3198 387 3265 multorum
409 3199 686 3265 sustentationem
712 3198 863 3266 tenditur
889 3201 934 3281 is,
969 3199 1024 3264 cui
1054 3198 1208 3265 sufficere

206 3297 343 3385 propria
371 3319 434 3362 nec
456 3295 520 3362 soli
541 3306 731 3384 potuerunt.
774 3297 829 3364 Ex
851 3307 1008 3366 anteacta
1035 3319 1114 3382 ergo
1136 3299 1207 3364 vita

205 3419 241 3462 se
259 3398 401 3483 quisque
418 3395 581 3478 inveniat,
605 3417 647 3462 ne
658 3397 693 3463 in
707 3399 859 3487 appetitu
875 3421 910 3464 ee
923 3397 1080 3465 culminis
1096 3398 1207 3483 imago

206 3495 422 3584 cogitationis
441 3493 566 3560 illudat.
610 3493 772 3576 Quamvis
793 3497 988 3587 plerumque
1010 3498 1045 3562 in
1064 3517 1205 3584 occupa·
1234 3509 1235 3512 ’

206 3594 295 3662 tione
321 3593 495 3680 regiminis
522 3593 595 3682 ipse
626 3615 759 3682 quoque
788 3596 869 3664 boni
895 3596 1006 3686 operis
1027 3617 1109 3664 usus
1130 3617 1207 3682 per·

206 3691 312 3774 ditur,
343 3694 466 3782 quiin
487 3693 732 3780 tranquilitate
760 3695 954 3778 tenebratum
982 3695 1065 3782 qnia
1094 3695 1207 3783 quieto
1234 3659 1235 3724 i
