2468 4218
456 285 684 356 2131:-

72 461 137 520 tur.
180 443 254 518 Illis
274 445 451 519 dicendum
472 463 542 536 est,
575 453 656 540 quia
680 453 748 518 uisi
772 451 929 519 meliores
957 473 995 517 se
1011 469 1091 518 oa⁴¹

72 553 169 617 teris
187 551 423 633 aestimarent,
463 544 677 639 naquaquam
692 557 902 616 cunctorum
932 549 1085 616 consilia·

72 671 157 717 suae
179 649 416 716 deliberationi
437 657 690 736 postponerent3
714 648 787 714 istis
808 645 985 716 dicendum
1007 661 1090 732 est·

73 751 156 837 quia
177 750 206 814 si
227 749 304 832 hoo,
328 749 416 837 quod
438 760 534 830 sunt,
561 758 740 834 utcumque
761 747 992 832 attenderent,
1013 771 1071 815 ne·

73 869 246 938 quaquam
267 869 322 914 eos
345 869 406 932 per
426 858 476 914 tot
497 848 675 912 varietatis
690 846 798 913 latera
817 847 843 930 ¹)
865 847 1070 916 mutabilita-

72 949 116 1012 tis
145 967 230 1012 aura
257 953 420 1012 versaret.
464 945 540 1012 Illis
566 967 627 1034 per
656 946 800 1012 Paulum
829 946 966 1014 dicitur:
987 945 1070 1013 'No-

73 1047 158 1112 lite·
174 1046 404 1133 prudentes
426 1068 519 1113 esse
541 1045 650 1132 apud
669 1047 952 1134 vosmetipsos
968 1046 1009 1135 ²)3
1034 1059 1074 1114 at

72 1145 271 1212 contraisti
293 1143 450 1211 audiunt:
475 1145 563 1211 Non
588 1145 941 1212 circumferamur
962 1149 1072 1214 omni

74 1255 203 1310 vento
222 1243 458 1309 doctrinae.
478 1243 504 1326 3)
551 1246 605 1310 De
628 1242 699 1310 illis
720 1267 782 1332 per
798 1244 1004 1313 Salomonem
1021 1247 1089 1312 di..

72 1346 178 1410 citur:
219 1343 446 1410 comedent
473 1343 641 1409 fructus
672 1345 770 1409 viae
806 1367 927 1428 suae,
962 1347 1068 1413 suis·

74 1466 157 1531 que
178 1442 778 1530 consiliissatnrabunturi),
803 1443 843 1510 de
865 1445 938 1511 istis
960 1456 1088 1512 autem·

72 1543 120 1611 ab
137 1565 176 1610 eo
190 1563 308 1609 rursus
321 1543 495 1611 scribitur:
518 1543 596 1610 Cor
619 1543 843 1610 stultorum
864 1544 1072 1612 dissimile

75 1645 162 1709 erit.
184 1641 210 1729 ⁵)
255 1643 321 1708 Gor
349 1644 473 1730 quippe
503 1643 690 1726 sapientum
718 1642 917 1732 sibimetipsi
943 1667 1073 1732 semper

73 1753 127 1808 est
150 1743 273 1825 simile3
297 1744 377 1830 quia
399 1743 476 1809 dum
497 1744 599 1808 rectis
620 1744 895 1830 persuasionibus
917 1745 1071 1832 acquies⁴

72 1845 140 1925 cit,
168 1851 360 1908 constanter
382 1865 418 1906 se
441 1843 475 1907 in
499 1840 585 1909 bono
607 1865 709 1928 opere
736 1842 860 1927 dirigit.
905 1844 971 1910 Cor
993 1867 1074 1911 vero

72 1941 256 2008 stulterum
286 1941 443 2008 dissimile
472 1951 538 2024 est3
575 1943 654 2028 quia
682 1940 760 2006 dum
787 1942 1010 2008 mutabilitate
1039 1965 1074 2009 se

74 2041 207 2106 varium
230 2039 386 2124 exbibet,
407 2062 588 2127 numquam
609 2041 662 2124 id,
687 2039 775 2129 quod
795 2041 923 2124 fuerat,
951 2055 1073 2110 manet.

74 2141 121 2206 Et
145 2141 225 2228 quia
248 2140 411 2226 quaedam
433 2142 518 2206 vitia
540 2143 627 2209 sicut
649 2163 691 2205 ex
720 2139 907 2227 semetipsis
930 2142 1075 2225 gignunt

74 2239 165 2321 alia,
191 2240 239 2306 ita
261 2262 304 2303 ex
326 2240 403 2305 aliis
417 2242 579 2323 oriuntur,
602 2240 773 2306 sciendum
786 2261 993 2330 summopere
1008 2250 1072 2322 est,
1169 2241 1177 2250 “

76 2339 169 2426 quod
190 2351 327 2408 tuncea
351 2339 561 2425 corripiendo
582 2340 702 2404 melius
723 2339 900 2423 tergimus,
931 2361 1006 2405 cum
1028 2339 1071 2404 ab

74 2440 151 2527 ipso
173 2438 408 2505 amaritudinis
435 2460 517 2504 suae
543 2440 635 2504 fonte
651 2439 837 2505 siccamus.
880 2438 1074 2505 Pertinacia

76 2541 205 2628 quippe
228 2562 270 2603 ex
293 2537 469 2624 superbia,
498 2539 724 2605 inconstantia
752 2559 831 2604 vero
862 2561 905 2602 ex
934 2539 1072 2605 levitate

76 2649 270 2724 generatur.

140 2736 350 2804 Admonendi
372 2738 475 2822 igitur
499 2747 577 2803 sunt
597 2738 804 2824 pertinaces,
835 2745 873 2800 ut
896 2735 1073 2804 elationem

77 2860 161 2903 suae
193 2838 403 2922 cogitationis
430 2849 617 2922 agnoscant
651 2848 684 2902 et
714 2837 909 2921 semetipsos
937 2838 1073 2902 vincere

76 2935 252 3019 studeant3
284 2959 326 3001 ne
358 2935 435 3002 dum
461 2937 561 3002 rectis
585 2935 726 3001 aliorum
750 2935 963 3002 suasionibus
991 2937 1073 3003 foris

75 3036 236 3121 superari
257 3034 457 3122 despiciunt,
482 3037 573 3100 intus
589 3058 609 3099 a
624 3033 786 3121 superbia
798 3037 924 3122 captivi
935 3046 1073 3103 tenean-

75 3147 143 3202 tur.
186 3133 395 3201 Admonendi
422 3146 514 3216 sunt,
548 3148 585 3200 ut
614 3134 748 3201 solerter
777 3137 959 3221 aspiciant,
993 3135 1075 3221 quia

73 3236 171 3302 filius
193 3233 353 3320 bominis,
377 3237 430 3302 cui
452 3257 519 3300 una
542 3255 672 3321 semper
693 3255 768 3300 cum
791 3233 892 3300 Patre
915 3233 1073 3299 voluntas

76 3346 148 3416 est,
181 3345 219 3400 ut
240 3335 428 3422 exemplum
450 3333 547 3402 nobis
568 3332 778 3419 frangendae
804 3345 936 3398 nostrae
957 3331 1073 3398 volun·

76 3436 159 3502 tatis
181 3434 361 3522 praebeat,
387 3432 483 3499 dicit:
512 3433 599 3498 Non
621 3455 781 3519 quaero
812 3432 1071 3498 voluntatem

77 3593 372 3607 ffl—

116 3669 139 3729 ¹)
158 3663 223 3716 Alit.
241 3663 336 3719 littora.
356 3693 389 3702 -
425 3663 445 3726 ²)
463 3663 536 3715 Rom.
555 3662 596 3728 12,
618 3662 658 3717 16.
678 3691 710 3699 -
738 3660 1026 3729 ³)Ephes.4,1l.-
1053 3655 1076 3724 ‘l

148 3750 225 3804 Prot.
243 3749 267 3818 1,
285 3749 327 3804 31.
347 3779 380 3787 -
399 3749 422 3818 ⁵)
440 3749 517 3808 Paos.
534 3745 576 3815 15,
594 3747 611 3801 t
