2468 4218
512 269 716 336 -Ἱῇ-

113 431 194 518 quie
215 453 281 498 nno
305 430 436 518 quidem
458 433 601 521 plectro,
636 433 781 500 sednon
802 457 869 500 uno
891 433 1034 520 impulsu
1056 393 1105 498 fe·-

111 548 253 614 riuntur.
298 547 396 615 Unde
419 559 453 616 et
473 551 585 616 doctor
602 551 763 640 quisque,
786 552 872 617 utin
885 571 953 617 una
969 559 1104 618 cunctos

111 666 238 729 virtute
261 665 409 732 caritatis
429 665 600 751 aedificet,
623 689 666 730 ex
690 689 758 732 una
773 665 934 750 doctrina,
957 690 1024 733 non
1035 689 1105 733 una

112 778 296 868 cademque
334 780 561 850 exhortatione
596 792 735 867 tangere
771 782 868 848 corda
902 783 1109 849 audientium

112 894 222 960 debet.

484 1079 676 1147 CAPUT
708 1081 736 1144 Ι.

137 1216 278 1282 Quanta
303 1215 436 1268 debeat
462 1229 545 1268 esse
573 1215 789 1268 diversitas
816 1215 954 1268 inerte
980 1226 1086 1282 prce-

497 1300 720 1354 dicationis.

172 1437 279 1502 Aliter
302 1455 444 1523 namque
466 1435 666 1504 admonendi
688 1446 765 1504 sunt
786 1437 862 1518 viri,
890 1447 992 1524 atque
1007 1435 1104 1501 aliter

107 1537 264 1604 feminae.

171 1636 282 1703 Aliter
298 1639 458 1724 juvenes,
483 1637 583 1702 aliter
606 1657 711 1703 senes.

172 1735 283 1804 Aliter
298 1739 438 1823 inopes,
464 1735 565 1801 aliter
588 1733 782 1822 locupletes.

173 1835 283 1903 Aliter
303 1838 401 1918 laeti,
424 1836 524 1902 aliter
545 1836 668 1901 tristes.

172 1935 282 2002 Aliter
305 1935 448 2018 subditi,
472 1935 568 2001 aliter
589 1931 740 2022 praelati.

170 2035 280 2102 Aliter
303 2037 408 2118 servi,
432 2035 531 2102 aliter
554 2033 686 2099 domini.

178 2269 231 2332 est,
259 2267 459 2332 quantacunque
482 2279 545 2316 cura
570 2269 595 2316 et
620 2247 758 2329 diligentis
780 2259 933 2329 ingeniique
960 2261 1104 2328 sagacitate

179 2351 317 2418 qnisquam
335 2349 444 2418 polleat,
457 2366 459 2370 ·
471 2349 499 2401 in
517 2349 595 2403 rebus
613 2353 698 2402 tamen
715 2349 782 2417 ipsis
808 2351 833 2400 et
852 2347 1036 2416 experimentis
1052 2363 1103 2402 cu·

178 2437 268 2488 retrici
285 2437 380 2490 rationi
398 2440 423 2489 et
439 2437 537 2490 melico
556 2437 696 2506 perspicua
713 2433 784 2488 fiunt
809 2435 842 2486 In
859 2435 1103 2488 universumautem

177 2521 245 2574 illud
262 2522 332 2590 apud
349 2536 397 2575 nos
421 2526 537 2589 constat,
563 2523 633 2590 quod
658 2521 869 2590 quemadmodum
895 2521 924 2572 in
948 2519 1054 2572 sublimi
1079 2524 1105 2573 et

178 2607 288 2676 pendulo
306 2606 371 2660 func
386 2607 578 2678 gradientibus,
596 2609 624 2660 in
642 2603 1103 2674 hancvelillampcrtemdoflcctere,

175 2693 281 2748 minime
299 2697 381 2746 tutum
399 2698 450 2761 est,
468 2708 517 2747 nec
534 2694 609 2748 etiam
626 2709 709 2763 parva
726 2692 858 2746 inclinatio
875 2707 984 2760 parvum
996 2691 1101 2760 pericu·
1169 2729 1171 2732 -

176 2779 262 2834 culum
287 2779 372 2846 affert,
400 2794 490 2834 verum
515 2794 602 2833 eornm
623 2780 700 2843 ¹salus
717 2781 745 2834 in
769 2777 925 2846 aequilibrio
946 2778 1032 2846 positu
1049 2782 1103 2832 est:

137 2911 139 2916 .
174 2865 209 2917 ai
226 2865 334 2918 eundern
352 2877 454 2934 quoque
472 2867 575 2918 modum
592 2865 718 2920 utramvis
735 2865 764 2918 in
781 2869 879 2935 purtem
891 2863 1028 2933 quispiam,
1046 2866 1104 2918 sire

175 2951 208 3004 ob
225 2951 294 3005 vitae
312 2951 515 3020 improbitatem,
533 2952 589 3004 sire
605 2949 637 3004 ob
655 2951 810 3020 imperitiam
828 2949 1003 3019 propenderit,
1030 2951 1101 3003 haud

176 3037 235 3091 lere
251 3037 397 3106 periculum
413 3041 468 3090 tum
484 3037 564 3106 ipsis,
587 3041 643 3089 tum
667 3037 702 3089 iis
724 3036 820 3104 quibus
837 3040 953 3106 praeest,
978 3035 1101 3104 imminet,

174 3137 209 3178 ne
225 3123 255 3176 in
280 3126 415 3192 peccatum
432 3121 608 3192 prolabantur.
644 3121 773 3190 Quocirca
789 3121 835 3188 ria
851 3121 943 3190 procul
960 3120 1038 3174 dubio
1054 3135 1102 3174 re-

172 3209 219 3278 gia
235 3209 304 3279 ipsis
328 3210 497 3284 incolendum
522 3213 575 3278 ost,
602 3223 634 3262 ec
656 3206 931 3276 circumspiciendum,
957 3205 1102 3260 revelat

172 3295 318 3363 duxeram,
342 3294 385 3348 vel
403 3295 551 3363 sinistram,
577 3295 650 3348 'velut
667 3294 696 3348 in
713 3291 857 3363 proverbiis
878 3297 934 3358 est,
962 3291 1100 3349 declinent.

172 3381 215 3434 Ac
231 3381 292 3435 talis
309 3380 455 3435 morborum
467 3385 613 3436 nostrorum
630 3385 723 3434 natura
740 3383 794 3447 est,
811 3381 950 3448 nutusque
967 3378 1034 3434 bono
1049 3393 1101 3450 pa·

174 3461 238 3520 stori
246 3467 321 3520 labor
330 3467 463 3536 incumbit,
481 3465 527 3538 qui
534 3467 623 3538 gregis
630 3467 733 3520 animas
741 3466 805 3520 scite
817 3465 969 3533 cogniturus
977 3469 1024 3534 est,
1044 3480 1101 3534 per·

173 3556 328 3623 spectasque
344 3551 490 3620 habiturus,
508 3553 601 3624 eisque
614 3553 694 3624 jure
710 3550 851 3622 pastoralis
857 3551 925 3604 artis
936 3549 1011 3620 leges
1019 3565 1099 3621 prac-

171 3638 272 3705 iturus,
302 3638 428 3694 innunt
453 3642 539 3694 rectae
571 3641 596 3692 ct
617 3637 705 3708 justae
730 3652 763 3692 ac
787 3649 849 3692 vere
873 3641 980 3708 pastore
1011 3640 1101 3694 nostro

172 3723 295 3794 digmus

804 3806 858 3872 4*
