2486 4222
576 209 779 318 ..¹24-

180 419 405 484 infirmitatem
434 421 554 484 mentis
582 421 674 485 vitae
703 422 792 485 viam
819 418 967 505 periente
996 439 1064 484 non
1086 415 1193 485 valet

178 529 310 601 tenere,
345 538 443 605 quam
472 519 579 603 videt;
613 521 694 609 quia
724 519 768 584 ad
794 520 927 585 virtutis
949 527 1072 584 statum
1103 515 1195 582 dum

179 617 272 682 fluxa
302 616 506 683 consuetudo
529 615 554 705 ¹)
593 641 660 683 non
688 619 847 704 erigitur,
884 639 948 705 quo
979 616 1193 682 desiderium

179 716 349 800 innititur,
373 715 455 780 illue
478 739 614 800 gressus
632 719 742 804 operis
757 716 937 782 efficaciter
952 739 1020 782 non
1035 737 1190 802 sequun-

179 828 242 882 tur.
286 814 375 880 Hinc
398 817 484 880 enim
507 816 633 882 Paulus
664 817 757 882 dicit:
793 817 1007 881 Remisses
1031 837 1191 882 manus

180 924 220 980 et
242 915 459 982 dissoluta
481 937 614 1000 genua
637 917 803 1000 erigite,
836 925 875 979 et
894 937 1076 1000 gressus
1097 935 1192 978 rec·

179 1027 247 1081 tos
268 1016 396 1081 facite
418 1013 601 1101 pedibus
632 1017 812 1100 vestris,
844 1025 887 1080 ut
916 1035 993 1080 non
1021 1011 1192 1079 claudi·

178 1135 278 1180 cans
313 1115 410 1202 quis
443 1125 572 1194 erret,
605 1115 745 1200 magis
778 1124 911 1180 autem
946 1123 1128 1192 senetur,
1152 1111 1191 1199 ²).

176 1215 287 1279 Parvo
310 1224 421 1278 autem
443 1235 527 1279 naso
551 1223 618 1298 ost,
642 1216 701 1302 qui
723 1213 766 1279 ad
788 1213 967 1280 tenendam
988 1231 1187 1277 mensuram

178 1313 387 1379 discretionis
416 1312 555 1378 idoneus
582 1315 649 1378 no'n
677 1325 735 1379 est.
787 1312 876 1380 Naso
907 1313 1031 1400 quippe
1060 1309 1190 1377 odores

175 1413 387 1498 foetoresque
409 1412 636 1478 discernimus.
678 1415 781 1478 Recte
804 1435 884 1496 ergo
904 1434 965 1500 per
979 1433 1098 1476 nasum
1111 1409 1189 1475 dis-

178 1513 281 1577 eretio
305 1512 519 1598 exprimitur,
545 1535 606 1600 per
629 1536 729 1600 quem
751 1513 892 1578 virtutes
916 1511 1088 1594 eligimus,
1121 1509 1189 1574 de·

175 1609 257 1676 licta
283 1609 512 1696 reprobamus.
557 1612 655 1677 Unde
683 1623 716 1678 et
739 1612 774 1676 in
802 1609 901 1676 laude
932 1631 1075 1697 sponsae
1097 1609 1184 1674 dici·

176 1721 246 1776 tur:
282 1708 418 1774 Nasus
450 1718 545 1775 tuus
579 1712 685 1776 sicut
716 1710 872 1792 turris,
906 1730 1013 1796 quae
1044 1719 1106 1773 est
1136 1710 1183 1776 in
1236 1705 1237 1778 l

176 1805 342 1875 Libano
360 1807 399 1892 ³),
424 1808 504 1892 quia
526 1811 681 1874 nimirum
696 1817 811 1874 sancta
833 1807 998 1894 Ecclesia,
1023 1828 1110 1893 quae
1134 1829 1181 1872 ex

179 1908 289 1972 causis
312 1906 455 1994 singulis
476 1917 681 1974 tentamenta
703 1907 885 1994 prodeant,
919 1929 979 1992 per
1001 1905 1184 1973 discretio·

178 2028 253 2071 nem
276 2008 451 2093 conspicit,
476 2019 509 2073 et
530 2018 675 2073 ventura
697 2007 853 2072 vitiorum
871 2005 959 2070 bella
980 2027 1022 2070 ex
1037 2005 1105 2070 alto
1118 2005 1182 2070 de·

130 2121 132 2132 ⁴
177 2103 361 2191 prehendit.
406 2105 472 2172 Sed
500 2117 578 2172 sunt
606 2105 777 2190 nonnulli,
810 2106 867 2192 qui
897 2104 974 2170 dum
1005 2107 1184 2172 aestimari

176 2202 315 2271 hebetes
347 2205 485 2290 nolunt,
520 2227 620 2292 saepe
644 2227 679 2268 se
706 2205 742 2270 in
765 2205 963 2291 quibusdam
986 2205 1176 2293 inquisitio·

175 2303 275 2370 nibus
297 2305 389 2391 plus,
415 2327 514 2392 quam
535 2325 671 2368 necesse
690 2315 751 2386 est,
776 2316 981 2386 exercentes,
1007 2328 1049 2369 ex
1070 2307 1178 2370 nimia

177 2401 360 2468 subtilitate
371 2403 547 2469 falluntur.
581 2401 679 2466 Unde
694 2401 748 2468 hic
760 2425 893 2490 quoque
909 2402 1075 2470 subditur:
1097 2404 1175 2470 Vel
1237 2459 1238 2470 ,

176 2500 537 2586 grandiettorto
566 2525 680 2568 naso.
724 2501 836 2570 Nasus
868 2505 955 2568 enim
977 2503 1174 2588 grandiset
1237 2477 1238 2552 l

174 2611 281 2665 tortus
311 2612 361 2667 est
390 2601 601 2666 discretionis
623 2601 791 2668 subtilitas
819 2601 1049 2686 immoderata,
1084 2626 1173 2690 quae

175 2699 252 2763 dum
274 2701 352 2788 plus
375 2723 472 2787 quum
490 2699 584 2766 decet
599 2703 797 2782 excreverit,
822 2704 961 2770 actionis
979 2726 1061 2768 suae
1076 2705 1176 2768 recti-

174 2799 323 2866 tudinem
339 2803 411 2887 ipsa
424 2798 603 2866 confundit.
635 2803 756 2866 Fracto
775 2813 884 2866 autem
901 2801 986 2888 pede
1000 2800 1055 2867 vel
1070 2823 1176 2868 manu

174 2910 241 2982 est,
265 2901 323 2987 qui
344 2900 431 2962 viam
454 2897 520 2962 Dei
541 2922 682 2986 pergere
704 2901 835 2967 omnino
857 2922 924 2966 non
941 2901 1044 2982 valet,
1069 2911 1172 2988 atque
1236 2945 1238 3032 ,

174 3022 194 3064 a
216 3000 312 3066 bonis
335 2995 464 3062 actibus
485 2998 634 3064 funditus
656 3022 753 3066 exors
772 3012 883 3066 vacat:
906 2999 1174 3086 quatenushaec

173 3122 240 3166 non
261 3111 297 3165 ut
319 3095 454 3162 claudus
485 3099 602 3165 saltem
627 3121 700 3166 cum
731 3101 921 3166 infirmitate
943 3109 1076 3186 teneat,
1112 3100 1172 3167 sed

173 3196 216 3262 ab
243 3199 294 3264 his
318 3197 500 3263 omnimodo
524 3198 656 3264 alienus
679 3202 811 3266 existat.
857 3199 989 3264 Gibbus
1011 3221 1091 3266 vero
1107 3211 1171 3283 est,
1237 3245 1238 3280 ;

101 3367 103 3372 ,
174 3320 271 3386 quem
293 3306 447 3364 terrenae
465 3296 700 3366 sollicitudinis
714 3297 844 3386 pondus
861 3297 1024 3384 deprimit,
1048 3320 1090 3364 ne
1108 3320 1171 3364 un·
1236 3287 1238 3322 ¹

173 3419 272 3486 quem
296 3394 339 3462 ad
362 3421 509 3486 superna
530 3399 706 3485 respiciat,
721 3405 724 3410 '
739 3398 797 3464 sed
818 3397 899 3465 solis
920 3395 991 3480 his,
1025 3397 1170 3484 quaein

171 3497 292 3564 infimis
315 3497 509 3582 calcantur,
543 3499 702 3564 intendat.
746 3497 815 3580 Qui
841 3509 874 3563 et
899 3495 1084 3585 siquando
1107 3493 1169 3560 ali-

354 3633 454 3644 tan—u-

210 3711 229 3771 ¹)
257 3712 318 3765 Alit.
337 3712 584 3784 consuetudinef-¹
601 3711 623 3776 ²)
641 3710 705 3764 Heb.
724 3709 766 3776 12,
785 3709 879 3765 1213.
900 3737 929 3750 -
949 3707 970 3773 ⁸)
989 3709 1062 3762 Ceut.
1072 3708 1097 3762 7.
1107 3707 1132 3760 4.
