2486 4222
608 227 811 294 ..ῃ-

208 416 350 479 paens,
373 414 436 459 neo
458 387 592 461 omnino
614 415 674 480 per
695 394 954 462 mesenensem
978 413 1119 480 eorpus,
1144 417 1210 463 'neo
1234 397 1235 420 l

209 493 309 560 valde
338 513 398 580 per
427 497 667 560 contumaciam
690 492 715 581 ¹)
745 508 914 582 repugnat
947 494 1094 580 spiritua.
1140 493 1209 575 Qui

209 593 252 658 ad
274 593 387 656 aliena
410 591 579 678 cupienda
601 615 665 660 non
689 593 836 679 ducitur,
864 593 924 659 sed
945 595 1085 680 propria
1102 593 1207 678 largi·

207 703 273 762 tur.
315 690 384 772 Qui
412 714 473 779 per
503 695 640 779 pietatis
669 693 800 759 viscera
832 695 928 759 eitius
958 691 1003 758 ad
1033 695 1206 778 ignoscen-

207 792 284 857 dum
304 789 459 870 flectitur,
483 793 540 856 sed
560 812 731 878 nunquam
754 791 832 880 plue
847 790 1079 880 quam-deceat
1093 793 1206 876 ignos-

205 912 301 974 cens,
324 888 368 954 ab
389 913 468 956 arce
491 891 700 958 rectitudinis
722 892 911 958 inclinetur.
957 890 1026 972 Qui
1048 890 1146 958 nulla
1163 891 1206 957 il-

205 989 299 1054 licita
321 1001 511 1077 perpetrat,
549 989 608 1055 sed
629 1002 822 1080 perpetrata
844 992 888 1057 ab
911 991 987 1057 aliie
1009 1001 1047 1056 ut
1068 993 1208 1078 propria

206 1087 367 1177 deplorat.
415 1089 482 1169 Qui
508 1113 551 1155 ex
580 1089 700 1156 affectu
730 1090 840 1158 cordis
866 1090 996 1156 alienae
1019 1091 1206 1156 infirmitati

205 1193 420 1277 compatitur,
454 1192 567 1276 sicque
595 1191 630 1254 in
658 1190 755 1256 bonis
783 1191 926 1277 proximi
953 1191 1041 1256 sicut
1068 1191 1103 1253 in
1133 1191 1205 1256 suis

203 1289 417 1377 provectibus
439 1289 594 1356 laetatur.
640 1289 707 1370 Qui
727 1291 778 1354 ita·
810 1313 844 1355 se
867 1288 1062 1356 imitabilem
1085 1291 1207 1356 ceteris

203 1390 237 1453 in
266 1391 412 1470 cunetis,
443 1411 529 1473 quae
551 1389 638 1474 agit,
674 1389 843 1470 insinuet,
879 1399 916 1454 nt
938 1391 1023 1458 inter
1056 1411 1113 1454 sos
1134 1411 1204 1454 noa

201 1486 342 1567 habeat,
380 1488 468 1574 quod
490 1487 608 1552 saltem
635 1487 879 1554 detruncastis
906 1487 1090 1554 erubescat.
1133 1486 1205 1567 Qui

203 1586 250 1650 sic
264 1587 375 1652 studet
390 1589 524 1668 vivere,
550 1601 586 1654 ut
598 1589 821 1674 proximorum
840 1609 973 1674 quoque
989 1589 1089 1654 eorda
1103 1609 1202 1652 aren-

200 1686 248 1750 tia
270 1685 440 1752 doetrinae
466 1685 582 1751 valeat
602 1687 736 1752 fluentis
761 1687 914 1770 irrigare.
958 1685 1026 1766 Qui
1041 1687 1204 1752 orationis

200 1791 328 1852 usu'et
356 1787 581 1870 experimento
607 1789 679 1870 jam
710 1787 844 1867 didicit,
882 1785 972 1870 quod
998 1784 1151 1850 obtinere
1183 1808 1203 1850 a

200 1883 360 1963 Domino,
389 1905 476 1970 quae
503 1886 708 1971 poposcerit,
737 1887 858 1971 possit,
893 1885 949 1950 oni
977 1906 1039 1968 per
1061 1883 1203 1950 effeetus
1235 1954 1236 1959 ,

199 2005 311 2047 vocem
330 1985 400 2070 jam
423 1980 449 2071 ²)
474 1986 571 2070 quasi
593 1986 785 2070 specialiter
809 1984 945 2050 dicitur:
978 1982 1121 2051 Adhuc
1142 1983 1200 2049 lo·

201 2091 354 2166 quente
377 2093 414 2147 te
437 2083 579 2148 dicam:
611 2085 716 2150 Ecce
739 2084 883 2151 adsum.
903 2083 929 2170 3)
974 2082 1010 2148 Si
1033 2082 1200 2149 enimlor·

198 2190 289 2248 tasse
312 2184 387 2268 quis
409 2183 541 2266 veniat,
574 2194 611 2249 ut
631 2207 691 2271 pro
714 2207 749 2249 sc
778 2183 821 2248 ad
843 2181 1115 2250 intercedendum
1138 2205 1204 2250 noe

202 2283 292 2367 apud
322 2293 489 2366 potentem
521 2284 708 2369 quempiam
739 2285 864 2366 virum,
898 2284 955 2369 qui
985 2281 1049 2346 sibi
1077 2283 1198 2366 iratus,

199 2381 295 2446 nobie
317 2401 394 2446 vero
418 2392 468 2448 est
488 2383 692 2466 incognitus,
723 2383 841 2464 ducat,
874 2385 1029 2468 protinus
1056 2404 1197 2468 respon·

199 2478 330 2546 demus:
372 2480 426 2544 Ad
457 2481 729 2547 intercedendum
761 2483 876 2548 venire
908 2504 974 2547 non
1005 2503 1196 2566 possumus,

202 2581 280 2664 quia
291 2579 534 2645 familiaritatis
551 2581 853 2666 ejuenotitiamnon
870 2579 1042 2646 habemus.
1067 2579 1103 2645 Si
1115 2603 1198 2665 ergo

198 2676 293 2743 homo
326 2680 416 2765 apud
446 2678 627 2763 hominem,
661 2679 702 2743 <le
736 2703 799 2767 quo
833 2680 966 2744 minime
998 2682 1195 2765 praesumit,

196 2777 269 2842 fieri
297 2779 496 2844 intercessor
524 2779 704 2860 erubescit,
736 2800 802 2864 qua
830 2789 939 2844 mente
967 2779 1056 2866 apud
1083 2779 1196 2844 Deum

197 2878 443 2944 intercessionis
465 2879 574 2944 locum
596 2901 655 2965 pro
677 2877 797 2964 populo
816 2879 950 2964 arripit,
974 2879 1032 2964 qui
1049 2876 1194 2942 familia-

196 2999 266 3041 rem
288 2999 323 3042 se
347 2979 420 3064 ejus
443 2979 571 3062 gratiae
595 3001 667 3042 esee
689 2999 748 3063 per
776 2977 865 3042 vitae
889 2979 1043 3043 meritum
1064 2979 1195 3043 nescit?

196 3075 266 3140 Aut
288 3074 331 3140 eb
348 3099 386 3142 eo
403 3077 567 3164 quomodo
585 3077 660 3141 aliis
674 3077 806 3142 veniam
818 3078 980 3164 postulat,
1006 3075 1064 3164 qui
1079 3086 1194 3141 atrum

198 3173 262 3240 sibi
283 3177 326 3240 sit
345 3175 517 3263 placatus,
539 3175 696 3260 ignorat?
725 3175 802 3256 Qua
830 3180 867 3242 in·
892 3197 929 3242 re
957 3176 1068 3240 adhuc
1097 3172 1195 3240 aliud

197 3285 248 3342 ast
280 3274 450 3343 sollicitius
476 3273 736 3360 formidandum,
766 3295 809 3342 ne
838 3277 896 3362 qui
924 3275 1192 3363 placare.posee

196 3374 278 3439 iram
300 3374 466 3459 ereditur,
489 3372 577 3439 hane
598 3374 670 3462 ipse
693 3395 735 3438 ex
749 3377 883 3462 proprio
900 3379 1194 3440 reatumereatur.

235 3594 253 3656 ¹)
275 3593 339 3746 plu.
361 3591 552 3734 conbtpmegtam
575 3623 605 3633 -
634 3593 653 3659 ²)
672 3593 734 3648 Alit
761 3595 804 3650 cui
827 3595 974 3666 prophetica
993 3606 1057 3648 voce
1070 3593 1135 3663 jem.
1157 3623 1190 3634 -

278 3677 383 3730 3Ιιιιί.
444 3715 451 3746 ,
492 3716 498 3730 .
