2462 4220
446 237 674 306 .,.233-

53 402 247 483 ostenditur
258 400 410 486 reprcba.
441 401 543 468 Color
558 403 702 488 optimus
719 413 769 469 est
786 413 933 469 mutatus
942 453 952 485 ,
978 406 1059 490 quia

52 484 112 550 ille
138 486 328 550 sanctitatis
349 483 504 567 habitus,
525 508 586 582 per
602 495 736 550 terrena
756 497 788 550 et
811 486 943 574 abjecta
959 509 1063 572 opera

50 566 100 630 ad
133 569 351 651 ignominiam
386 567 608 654 despectionis
642 570 742 632 venit.
795 569 944 654 Lapides
982 591 1060 634 vero

51 651 244 716 sanctuarii
266 653 469 717 intrinsecus
493 649 724 734 habebantur,
758 675 821 716 nec
844 651 1061 716 sumebantur

50 734 93 798 iri
116 736 235 798 summi
257 733 439 800 sacerdotis
461 755 618 822 corpore,
650 735 714 800 nisi
735 757 808 800 cuin
833 746 951 801 sancta
975 734 1061 802 San·

50 826 184 882 ctcrum
206 816 417 901 ingrediens,
451 819 486 884 in
509 827 636 889 secreto
665 818 717 882 sui
741 817 933 884 Conditoris
955 829 1060 906 appa·

50 899 162 964 rebat.
206 899 274 964 Nos
298 923 394 986 ergo,
424 900 548 966 fratres
571 903 758 984 carissimi,
792 925 853 968 nos
875 926 990 972 sumus
1012 901 1061 966 la·

51 981 152 1070 pides
182 986 365 1050 sanctuarii
394 987 451 1070 qui
481 1007 646 1071 apparere
679 1008 809 1071 semper
839 983 999 1050 debemus
1025 987 1060 1052 in

49 1076 185 1132 secreto
209 1067 288 1132 Dei:
318 1090 402 1155 quos
429 1090 611 1154 numquam
638 1091 775 1132 necesse
808 1076 858 1132 est
878 1067 961 1130 foris
984 1087 1059 1132 con·

50 1149 160 1232 spici,
194 1149 228 1212 id
252 1160 504 1235 estnuinquain
533 1152 569 1216 in
591 1153 763 1215 extraneis
791 1149 981 1216 actionibus
1010 1152 1059 1212 vi·

51 1231 138 1296 deri.
184 1231 251 1296 Sed
273 1231 420 1318 dispersi
442 1245 520 1298 aunt
544 1233 673 1318 lapides
696 1233 882 1298 sanctuarii
898 1234 933 1295 in
951 1233 1060 1318 capite

51 1315 200 1380 omnium
214 1315 411 1400 platearum,
434 1319 513 1401 quia
524 1317 559 1379 lii
572 1319 629 1400 qui
640 1338 698 1401 per
712 1318 815 1382 vitam
829 1325 861 1378 ct
874 1317 1058 1380 orationem

50 1398 148 1462 intus
179 1420 310 1482 semper
339 1423 412 1462 esse
442 1397 645 1479 debuerant,
679 1395 1058 1483 pei·vitam1·epi·obam

49 1479 139 1544 foris
162 1493 293 1544 vacant.
338 1482 425 1544 Ecce
438 1483 509 1568 jem
532 1503 618 1566 pene
641 1482 736 1546 nulla
759 1492 809 1544 est
831 1480 937 1544 seculi
960 1480 1057 1560 artic,

48 1577 156 1647 quani
186 1585 251 1626 non
283 1564 473 1634 sacerdotes
503 1565 744 1629 administrent.
795 1565 882 1628 llum
913 1585 993 1645 ergo
1023 1565 1058 1626 iii

50 1644 313 1710 saneioiiabitu
336 1647 527 1729 constituti,
564 1648 731 1711 exteriora
754 1654 833 1710 sunt
855 1667 941 1730 quae
965 1643 1057 1710 exhi·

48 1727 148 1805 berit,
187 1730 286 1812 quasi
312 1731 498 1794 sanctuarii
527 1729 657 1814 lapides
686 1728 768 1793 foris
792 1730 919 1815 jacent.
965 1729 1055 1807 Quia

50 1809 142 1874 enirn
165 1807 297 1875 Graeca
319 1833 400 1876 voce
447 1811 535 1876 latea
558 1835 577 1876 a
600 1811 779 1876 latitudine
799 1821 955 1892 vocatur,
980 1833 1057 1876 san-

48 1891 175 1956 ctuarii
195 1891 324 1976 lapides
346 1895 383 1956 iii
404 1835 525 1981 plateis
548 1905 643 1976 sunt,
667 1916 742 1956 cum
764 1892 912 1974 religiosi
929 1893 1055 1978 quique

47 1972 124 2038 lata
145 1975 260 2040 mundi
280 1977 401 2040 itinera
424 1986 604 2064 sectantur.
649 1975 718 2038 Nee
742 1974 847 2038 solum
865 1976 902 2037 i'n
920 1973 1057 2056 plateis,

49 2056 113 2121 aed
140 2067 173 2120 et
202 2058 237 2121 in
267 2059 375 2144 capite
405 2057 594 2143 platearum
625 2057 769 2142 dispersi
798 2066 891 2120 sunt:
921 2059 1002 2142 quia
1025 2066 1059 2120 et

47 2161 114 2224 per
143 2138 362 2220 desiderium,
394 2139 496 2225 hujus
525 2141 641 2205 mundi
670 2160 774 2225 opera
807 2149 993 2223 peragunt,
1024 2148 1058 2203 et

48 2233 165 2287 tamen
187 2221 227 2285 de
249 2223 405 2306 religioso
428 2222 547 2286 habitu
570 2221 703 2288 culinen
723 2221 859 2286 honoris
879 2229 1057 2316 quaerunt.

47 2303 93 2367 In
116 2305 226 2389 capite
249 2327 330 2390 ergo
351 2304 537 2390 platearum
560 2303 705 2392 dispersi
729 2313 823 2384 sunt3
848 2323 928 2386 quia
950 2313 984 2368 et
1001 2305 1056 2390 ja·

48 2397 129 2451 cent
150 2408 211 2470 per
231 2389 454 2473 ministerium
476 2389 604 2474 operis,
634 2398 668 2453 et
689 2384 846 2454 honorari
870 2385 989 2452 volunt
1014 2385 1055 2462 de

48 2469 199 2552 imagine
223 2470 421 2537 sanctitatis.
1052 2513 1057 2522 ·

115 2551 165 2615 16.
200 2551 336 2630 Quanto
358 2564 470 2618 autern
491 2551 635 2617 mundus
650 2549 764 2636 gladio
788 2552 942 2630 feriatur,
965 2549 1055 2635 aspi·

50 2635 127 2699 citis
137 2657 148 2699 i
169 2631 294 2731 quibus
340 2634 465 2700 notidie
487 2633 761 2722 percussionibus
783 2634 930 2700 intereat
951 2651 1055 2717 popa·

50 2713 126 2797 lus,
150 2715 281 2783 videtis.
316 2656 433 2804 ‘binus
454 2713 536 2798 hcc,
559 2717 625 2782 nisi
647 2727 758 2782 nostro
780 2719 961 2804 praecipue
980 2735 1056 2800 pec·

49 2807 127 2864 cato
138 2800 277 2884 agitur?
311 2800 399 2866 Eece
413 2800 639 2885 depopulatae
652 2796 754 2868 urbes
761 2843 772 2879 ,
796 2820 915 2866 eversa
929 2805 1055 2878 castra,

50 2879 228 2946 Ecclesiae
258 2904 297 2946 ac
318 2882 525 2948 monasteria
554 2880 742 2962 destructa,
775 2882 810 2946 in
840 2879 1055 2950 solitudinem

48 2965 127 3047 agii
149 2962 288 3030 redacta
305 2963 330 3050 ¹)
354 2973 442 3031 sunt.
487 2961 554 3028 Sed
575 2986 635 3028 nos
665 2963 821 3048 pereunti
850 2963 973 3110 populo
995 2982 1055 3028 aii·

48 3055 161 3112 oteres
182 3048 297 3111 mortis
319 3047 510 3128 existimus,
531 3047 594 3132 qui
609 3068 683 3112 esse
702 3044 876 3111 debuimus
915 3065 995 3110 uces
1010 3039 1056 3108 ad
1159 3121 1161 3127 .

48 3129 164 3194 vitani.
181 3128 208 3208 ²)
260 3129 315 3194 Ex
343 3139 458 3197 nostro
487 3130 609 3193 etenim
639 3137 782 3226 peccato
812 3127 933 3275 populi·
954 3123 1055 3192 turba

48 3219 222 3296 prostrata
243 3219 312 3292 ectr
343 3211 423 3296 quia
444 3221 558 3276 nostra
580 3210 728 3276 faciente
751 3231 817 3292 neg
830 3211 976 3292 igentia,
1011 3207 1056 3278 ad

47 3291 154 3359 vitam
186 3291 317 3372 erudita
345 3315 413 3361 nun
443 3303 503 3361 est
548 3291 638 3372 Quid
664 3301 777 3362 autem
798 3293 930 3359 animas
951 3289 1054 3357 liomi·

50 3396 149 3458 num,
182 3376 248 3440 nisi
277 3374 388 3440 cibum
417 3373 556 3440 Domini
580 3371 783 3456 dixerimus,
816 3393 903 3456 quae
926 3372 969 3438 ad
991 3369 1056 3442 hcc

49 3466 131 3522 sunt
160 3457 330 3538 conditae,
363 3464 400 3520 ut
422 3457 458 3520 iii
487 3458 560 3543 ejus
584 3477 721 3544 corpore
749 3454 984 3540 trajiciantur,
1020 3454 1055 3519 id

51 3547 124 3621 est,
148 3548 186 3604 ut
207 3541 239 3606 iii
264 3550 425 3606 aeternae
449 3537 625 3604 Ecclesiae
651 3549 869 3622 augmentum
890 3534 1057 3606 tendenti

305 3659 345 3679 a*

89 3713 112 3782 ¹)
130 3715 195 3768 aiii.
213 3716 318 3770 istest.
338 3741 370 3755 -
395 3713 416 3778 ¹)
435 3714 501 3768 siti.
519 3716 564 3769 aut
581 3727 641 3770 essa
658 3715 791 3770 debemus.
