2486 4222
437 202 697 318 ‘ws-

94 410 159 494 qni
181 403 292 474 adhuc
320 406 363 472 de
386 405 506 472 studiis
536 407 730 474 carnalibus
748 409 955 496 judicantur.
1001 409 1102 492 Quod

90 528 173 575 cum
201 530 322 593 magno
353 505 480 572 scilicet
509 505 624 572 dolore
652 509 803 572 caritatis
823 507 989 574 Jeremias
1020 532 1099 595 pro·

92 607 201 694 pheta
222 607 431 694 conspiciens
456 607 555 692 quasi
577 603 641 672 sub
662 605 887 676 destructione
903 606 1020 695 templi
1041 605 1099 670 de-

91 707 220 796 plorat,
243 707 379 772 dicens:
412 704 622 787 Quomodo
652 703 927 772 obscuratum
948 717 1011 771 cst
1033 729 1098 771 au-

91 829 207 888 rum,
230 815 417 872 mutatus
441 815 507 872 est
529 805 644 872 color
665 807 873 891 optimus,
896 807 1101 892 dispersi

91 905 383 993 suntlapides
416 905 657 970 sanctuarii
687 908 726 970 in
752 905 1096 991 capiteomnium

94 1004 364 1091 platearum?
383 1007 408 1086 ¹)
453 1003 543 1084 Quid
564 1027 814 1090 namqueauro,
839 1002 929 1090 quod
951 1003 1098 1068 metallis

93 1107 218 1172 ceteris
240 1105 461 1192 praeeminet,
483 1105 548 1170 nisi
570 1105 772 1172 excellentia
794 1104 994 1187 sanctitatis,
1018 1103 1101 1189 quid

93 1205 204 1272 colore
227 1203 360 1293 op'timo,
385 1205 450 1270 nisi
472 1206 602 1269 cunctis
624 1203 779 1270 amabilis
804 1205 996 1268 reverentia
1017 1202 1097 1266 reli-

93 1305 205 1388 gionis
228 1304 453 1390 exprimitur?
495 1303 587 1383 Quid
614 1305 799 1370 sanctuarii
819 1303 1007 1390 lapidibus,
1030 1303 1098 1367 nisi

92 1426 265 1470 sacrorum
288 1403 442 1472 ordinum
458 1425 622 1488 personae
642 1405 843 1488 signantur?
865 1401 956 1482 Quid
967 1401 1097 1488 platea·

92 1526 169 1568 rum
191 1505 333 1586 nomine,
357 1503 422 1568 nisi
433 1505 620 1591 praesentis
632 1508 721 1568 vitae
743 1503 886 1568 latitudo
907 1501 1099 1586 figuratur?

94 1603 188 1684 Quia
215 1604 300 1668 enim
334 1624 455 1686 graeco
484 1600 615 1688 cloquio
645 1603 769 1680 πλάτος
794 1601 936 1668 latitudo
961 1601 1095 1681 dicitur,

91 1701 241 1784 prolecto
264 1727 284 1767 a
305 1700 482 1767 latitudine
504 1700 636 1787 plateae
659 1714 737 1770 sunt
765 1713 913 1768 vocatae.
956 1701 1021 1766 Per
1044 1721 1096 1765 se-

92 1802 270 1887 metipsam
299 1823 376 1866 vero
405 1803 541 1868 Veritas
563 1802 663 1867 dicit:
687 1802 801 1868 Lata
830 1811 870 1866 et
899 1801 1095 1888 spatiosa

21 1940 25 1956 .
92 1903 170 1966 via
192 1911 273 1982 est,
298 1922 407 1988 quae
433 1899 549 1968 ducit
569 1901 621 1966 ad
642 1903 933 1988 perditionem.
952 1901 979 1986 2)
1021 1898 1093 1964 Au·

92 2023 169 2066 rum
189 2001 291 2084 igitur
313 1999 531 2080 obscuratur,
554 2023 628 2066 cum
652 2003 794 2066 terrenis
816 2000 947 2065 actibus
971 1999 1096 2064 sancti·

92 2099 176 2166 tatis
197 2097 447 2186 vitapolluitur.
493 2098 593 2166 Color
606 2103 749 2187 optimus
766 2107 995 2180 commutatur,
1018 2119 1094 2162 cum

93 2197 316 2286 quorundam,
341 2199 398 2285 qui
417 2197 540 2283 degere
561 2198 719 2282 religiose
734 2196 968 2278 credebantur,
991 2193 1093 2262 aesti-

91 2299 195 2364 matio
223 2308 380 2364 anteacta
411 2299 580 2364 minuitur.
623 2296 709 2364 Nam
741 2319 816 2364 cum
848 2295 988 2385 quilibet
1015 2305 1094 2382 post

93 2398 283 2464 sanctitatis
304 2397 455 2464 habitum
476 2399 621 2464 terrenis
643 2421 678 2464 se
689 2397 820 2464 actibus
840 2398 971 2480 inserit,
994 2395 1096 2482 quasi

90 2497 205 2566 colore
226 2505 414 2585 permutato
435 2509 514 2564 ante
539 2496 702 2564 humanos
717 2497 827 2563 oculos
849 2499 1104 2585 ejusrevereny

91 2598 143 2662 tia
165 2597 323 2683 despecta
335 2594 496 2684 pallescit.
541 2597 734 2665 Sanctuarii
757 2618 888 2684 quoque
902 2595 1033 2685 lapides
1055 2596 1107 2692 in¹

90 2695 227 2784 plateas
249 2695 503 2785 disperguntur,
526 2721 601 2764 cum
622 2720 799 2764 causarum
822 2695 1023 2762 secularium
1044 2693 1059 2760 f
1079 2733 1094 2742 -

89 2819 151 2860 ras
184 2794 255 2860 lata
282 2796 403 2862 itinera
433 2805 595 2880 expetunt
622 2797 673 2881 hi,
704 2799 762 2885 qui
788 2796 833 2862 ad
860 2782 1106 2872 ornamentum}

90 2894 267 2962 Ecclesiae
288 2895 429 2964 internis
450 2897 617 2984 mysteriis
645 2899 744 2984 quasi
764 2898 801 2964 in
822 2898 959 2964 secretis
979 2895 1094 2962 taber·
1208 2980 1210 2984 ι

89 2992 204 3060 naculi
216 2993 243 3077 ³)
273 3016 396 3060 vacare
427 2993 626 3064 debuerunt
668 2995 723 3062 Ad
751 2999 814 3064 hoc
845 2997 970 3084 quippe
993 3015 1106 3066 sanc.

89 3094 195 3160 tnarii
215 3093 349 3178 lapides
369 3094 508 3178 fiebant,
529 3106 568 3162 ut
588 3097 678 3161 intra
694 3096 819 3164 Sancta
839 3094 1035 3162 Sanctorum
1056 3093 1104 3158 in·

89 3196 288 3262 vestimento
311 3197 429 3260 summi
451 3195 637 3260 sacerdotis
648 3204 863 3281 apparerent.
908 3194 993 3260 Cum
1009 3213 1105 3281 vero,

89 3293 238 3360 ministri
266 3294 448 3380 religionis,
476 3316 497 3358 a
523 3291 666 3362 subditis
695 3295 851 3360 honorem
879 3280 1106 3371 Redemtoris,

90 3394 146 3458 sui
169 3417 212 3459 ex
233 3395 349 3461 merito
371 3395 462 3460 vitae
484 3418 552 3462 non
575 3395 733 3480 exigunt,
757 3395 942 3461 sanctuarii
961 3393 1092 3482 lapides

90 3495 128 3558 in
161 3504 354 3561 ornamento
390 3495 559 3580 pontificis
592 3516 661 3560 non
697 3505 783 3562 sunt.
837 3493 907 3574 Qui
938 3495 1094 3560 nimirum

100 3637 148 3648 -ι

126 3677 261 3768 ‘trinu
278 3705 303 3772 4,
323 3707 347 3760 1.
366 3686 400 3746 -'
418 3705 439 3775 2)
457 3709 549 3792 usses.
569 3711 592 3775 r,
612 3705 654 3764 13.
672 3736 706 3746 -
725 3706 744 3774 e
763 3707 828 3764 sut.
847 3685 1035 3794 sanciturus,
