2468 4218
549 256 694 332 ..unu
736 299 774 315 ...

166 453 235 502 res
262 431 331 499 tui
358 432 442 497 siut
470 429 511 498 in
535 428 658 498 ‘domo
686 429 855 512 aliena,
884 439 1088 518 algemus
1120 434 1161 500 iu

167 531 442 612 novissimis,
470 527 651 616 quaudo
680 531 975 596 consumseris
1005 551 1159 600 carues

166 641 211 699 et
231 651 386 717 corpus
416 638 536 696 tuum.
555 625 582 712 ¹)
627 627 862 714 Quicumque
889 628 991 695 alieni
1012 653 1033 694 a
1062 630 1159 698 nobis

166 739 257 813 suut,
277 729 344 793 nisi
363 725 502 814 maligni
525 728 681 814 spiritus,
705 729 764 815 qui
786 747 806 792 a
828 727 979 796 coelestis
999 739 1080 798 suut
1102 753 1158 818 pa-

165 830 255 895 triae
281 837 370 894 sorte
400 827 576 912 separati?
618 825 704 907 Quis
726 849 807 894 vero
834 825 940 894 honor
960 840 1075 896 noster
1098 841 1157 910 est,
1216 887 1217 900 ,

165 927 234 996 uisi
255 927 334 1013 quia
355 926 390 992 in
411 925 512 993 luteis
533 926 729 1015 corporibus
757 925 880 994 conditi
905 926 948 993 ad
971 927 1157 996 Conditoris

164 1037 279 1094 tamen
299 1027 405 1093 nostri
416 1048 529 1092 sumus
540 1027 718 1112 imaginem
729 1035 763 1093 et
774 1026 1022 1094 similitudinem
1034 1030 1157 1096 creati?
1216 1091 1217 1102 ,

166 1127 230 1194 Vcl
252 1127 328 1214 quis
351 1125 436 1192 alius
449 1121 591 1191 crudelis
607 1135 669 1210 est,
681 1127 748 1192 nisi
761 1125 820 1192 ille
838 1127 980 1212 angelus
991 1137 1155 1216 apostata,
1216 1127 1217 1206 ἶ

86 1279 92 1292 ,
167 1226 226 1314 qui
249 1236 281 1291 et
303 1225 516 1312 semetipsum
529 1247 637 1313 poena
658 1225 773 1290 mortis
789 1223 815 1312 ²)
839 1226 1061 1313 superbiendo
1082 1249 1155 1314 per·

105 1319 108 1326 ¹
165 1326 266 1408 culit,
289 1337 322 1391 et
342 1325 467 1390 inferre
489 1336 625 1390 mortem
651 1324 794 1390 humano
823 1326 937 1408 generi
964 1324 1062 1390 etiam
1082 1347 1155 1412 per-

166 1423 256 1492 ditus
277 1445 344 1490 non
371 1422 544 1509 pepercit?
572 1421 741 1488 Honorem
764 1423 885 1508 itaque
914 1445 1009 1488 suum
1038 1422 1154 1488 alienis

165 1525 235 1604 dat,
258 1523 317 1608 qui
338 1521 382 1588 ad
404 1521 472 1586 Dei
492 1521 671 1606 imaginem
693 1532 726 1587 et
740 1521 985 1588 similitudinem
1005 1522 1154 1588 conditus

165 1623 257 1690 vitae
279 1643 363 1686 suae
386 1630 533 1708 tempora
554 1619 773 1704 malignorum
805 1621 982 1708 spirituum
1003 1620 1153 1704 volupta-

164 1721 257 1790 tibus
272 1721 299 1805 3)
321 1719 541 1787 administrat
583 1719 700 1786 Annos
722 1721 823 1786 etiam
845 1743 922 1788 suos
944 1719 1073 1787 crudeli
1091 1732 1153 1786 tra-

166 1823 233 1905 dit,
265 1823 324 1910 qui
346 1819 390 1886 ad
410 1820 613 1888 voluntatem
640 1819 728 1885 male
750 1820 950 1886 dominantis
972 1820 1153 1886 adversarii

166 1934 306 2008 accepta
328 1921 466 1988 vivendi
496 1921 605 2008 spatia
627 1919 796 2007 expendit.
839 1920 907 1985 Ubi
934 1919 1019 1985 bene
1044 1917 1152 1984 subdi-

164 2032 237 2088 tur:
264 2021 321 2086 Ne
343 2022 456 2086 forte
484 2019 745 2107 impleantur
767 2022 961 2086 extranei
982 2017 1151 2085 viribus

165 2121 271 2204 tuis,
304 2128 342 2185 et
373 2119 542 2185 labores
571 2121 630 2186 tui
659 2120 745 2186 sint
774 2121 820 2186 iu
856 2117 969 2186 domo
1002 2117 1151 2186 aliona.

166 2221 330 2307 Quisquis
352 2221 440 2284 enim
469 2239 530 2306 per
551 2230 720 2306 acceptam
751 2219 977 2286 valetudinem
999 2218 1152 2301 corporis,

165 2343 227 2411 per
247 2317 407 2384 tributam
429 2315 493 2383 sibi
512 2319 710 2405 sapientiam
731 2320 851 2384 mentis
873 2342 940 2385 non
962 2313 1153 2382 exercendis

166 2417 364 2498 virtutibus,
393 2415 451 2482 sed
472 2417 707 2506 perpetrandis
728 2419 818 2485 vitiis
839 2417 1008 2498 elaborat,
1030 2436 1151 2500 nequa·

166 2539 267 2608 quam
299 2517 369 2584 suis
397 2515 527 2584 viribus
550 2541 644 2585 suam
667 2518 814 2600 domum,
845 2517 905 2583 sed
925 2526 1153 2582 extraneorum

164 2615 369 2698 habitacula,
391 2616 426 2684 id
448 2627 499 2683 est
513 2615 755 2683 immundorum
772 2617 949 2704 spirituum
960 2617 1051 2682 facta
1073 2610 1151 2678 mul-

165 2717 311 2804 tiplicat,
327 2717 496 2800 ¹nimirum
529 2715 583 2782 vel
616 2714 818 2785 luxuriando
845 2715 900 2782 vel
935 2712 1151 2804 superbiendo

165 2837 292 2902 agens,·
306 2818 454 2882 utetiam
478 2837 512 2880 se
532 2812 657 2898 addito,
681 2817 884 2904 perditorum
905 2837 1063 2884 numerus
1086 2835 1151 2879 cre·

166 2927 246 2984 scat.
288 2917 379 2983 Bene
402 2923 514 2982 autem
536 2914 704 2982 subditur:
726 2915 778 2983 Ei
800 2939 937 3003 gemus
959 2902 1000 2983 in
1021 2915 1151 2980 novis·

110 3090 114 3096 ¹
166 3017 297 3100 simis,
326 3011 492 3102 quaudo
521 3017 802 3082 consumseris
831 3039 981 3083 carnes
1010 3027 1049 3082 et
1076 3037 1152 3082 cor·

164 3136 239 3201 pus
260 3126 382 3182 tuum.
424 3111 624 3200 Plerumque
653 3118 738 3184 enim
764 3127 904 3205 accepta
932 3115 1023 3184 salus
1044 3118 1151 3181 carnis

202 3293 222 3364 ¹)
239 3285 316 3348 Priv.
334 3293 359 3358 5,
376 3291 437 3344 9-
448 3291 489 3346 11.
507 3322 541 3332 -
559 3293 582 3362 ²)
601 3295 721 3362 Angelus
739 3301 858 3366 apostate
867 3295 1009 3350 mortaliter
1026 3297 1151 3364 pectendo

162 3417 164 3424 .
234 3379 346 3448 graiium
363 3379 461 3446 amisit,
480 3383 506 3432 et
522 3384 715 3450 protoparentes
732 3383 765 3434 ad
779 3388 910 3451 peccatum
928 3383 1089 3449 seducendo,
1112 3388 1150 3436 to·
1213 3435 1214 3438 ,

235 3471 288 3518 tum
306 3477 390 3532 genus
409 3465 549 3520 humanum
568 3468 656 3535 gretia
674 3468 806 3537 spoliavit.
833 3497 866 3508 ·-
886 3467 908 3534 ³)
926 3469 991 3522 Alit.
1009 3468 1150 3524 voluntati·

235 3553 293 3604 bus.
328 3551 378 3603 Per
402 3551 557 3621 uoluptatem
583 3553 695 3622 intelligi
721 3569 823 3624 quoque
848 3559 932 3624 potest
958 3555 1149 3625 beneplacitum,

235 3636 305 3704 quod
321 3636 388 3690 idem
405 3651 465 3692 esec
488 3638 590 3692 videtur
614 3654 673 3691 eum
697 3640 840 3695 voluntate.
874 3641 1049 3710 Malignorum
1066 3641 1149 3712 Spiri-

235 3724 306 3775 tuum
324 3721 470 3793 voluptates
487 3723 608 3794 appellat,
627 3739 694 3792 quas
712 3723 754 3780 illi
771 3734 917 3796 suggerunt
935 3733 961 3781 et
977 3726 1093 3782 offerunt.
