2468 4218
584 235 787 302 ..m-

188 426 248 476 cor
269 417 345 496 post
364 405 538 474 victoriam
559 404 729 483 muniant,
752 411 790 468 nt
803 401 927 468 bostem
945 399 1081 488 publico
1095 399 1186 468 bello

191 516 386 596 meretum
413 503 567 570 insidiari
596 504 736 570 moeniis
766 503 888 568 mentis
922 493 1114 583 intendant;
1149 511 1185 567 ut

191 605 386 692 languorem
402 603 480 691 plus
500 611 727 690 reserpentem
749 602 899 684 timeant,
921 598 1094 678 nebostis
1119 599 1182 667 cal·

191 703 280 770 lidus
312 726 352 771 so
382 705 420 769 in
447 701 641 790 deceptione
669 699 876 786 postmodnm
904 700 1024 786 majori
1054 699 1181 764 exulu-

192 808 282 872 tietse
304 801 469 888 gandent,
490 824 556 889 qno
577 800 637 866 illa
658 798 782 866 dudum
794 808 910 866 contra
924 797 1085 883 serigida
1098 795 1184 864 colla

193 903 356 970 victorum
378 901 497 968 calcat.
567 936 568 940 =

549 1081 750 1152 CAPUT
785 1081 828 1144 X.

286 1219 458 1290 Quomodo
481 1217 679 1272 admonendi
704 1215 871 1270 benevoli
898 1221 931 1268 at
954 1215 1079 1268 invidi.

252 1352 359 1420 Aliter
380 1351 581 1420 admonendi
603 1364 681 1418 sunt
701 1349 872 1433 benevoli,
895 1359 998 1440 atque
1019 1349 1120 1415 aliter
1136 1351 1182 1414 in·

191 1451 271 1521 vidi.
306 1449 514 1518 Admonendi
535 1473 680 1539 namque
700 1459 778 1516 sunt
789 1449 961 1532 benevoli,
985 1458 1022 1516 ut
1036 1451 1085 1514 sic
1100 1447 1180 1516 alic·

192 1550 245 1618 nis
264 1549 363 1619 bonis
384 1550 633 1635 congaudeant,
657 1563 822 1638 quatenus
844 1542 968 1616 habore
994 1559 1027 1615 et
1048 1549 1182 1637 propria

191 1651 436 1736 concupiscant.
480 1645 536 1716 sie
557 1651 780 1737 proximorum
801 1649 890 1716 facta
918 1647 1090 1734 diligendo
1112 1647 1180 1713 lan·
1222 1657 1223 1668 ¹

192 1741 288 1833 dent,
318 1759 356 1815 ut
377 1769 418 1813 ea
442 1749 543 1814 stiam
569 1747 729 1816 imitando
751 1749 987 1836 multiplicent,
1020 1771 1064 1814 ne
1098 1749 1180 1815 siin

190 1849 253 1917 hoc
273 1849 459 1936 praesentis
480 1851 570 1914 vitae
593 1849 700 1916 stadio
722 1847 767 1917 ad
788 1859 956 1916 certamen
970 1847 1114 1914 alienum
1128 1845 1180 1912 de·

190 1951 258 2016 voti
277 1947 425 2014 fautores
449 1947 492 2033 ¹),
529 1948 587 2014 sed
608 1949 697 2035 pigri
719 1958 922 2036 spectatores
944 1950 1122 2030 assistant,
1146 1968 1182 2012 eo

189 2060 265 2140 post
285 2056 453 2116 certarnen
474 2049 546 2113 sine
568 2047 686 2115 bravio
708 2058 919 2132 remaneant,
951 2071 1015 2136 quo
1038 2047 1181 2114 nuncin

192 2150 371 2218 certamine
394 2171 461 2215 non
481 2145 655 2231 laborant,
686 2158 719 2214 et
740 2157 819 2214 tunc
848 2171 959 2214 eorum
981 2147 1112 2236 palmas
1135 2145 1180 2211 al·

190 2251 271 2318 flicti
297 2248 496 2336 respiciant,
531 2250 563 2312 in
599 2271 738 2335 quorum
768 2271 856 2312 nunc
884 2247 1057 2314 laboribus
1087 2245 1180 2313 otiosi

190 2345 382 2436 perdurant.
424 2347 532 2412 Valde
554 2348 678 2434 quippe
698 2369 888 2433 peccamus,
910 2349 938 2411 si
960 2347 1073 2412 aliena
1095 2345 1179 2411 bene
1221 2377 1222 2402 1

191 2456 287 2534 gesta
310 2467 374 2510 non
403 2445 579 2532 diligimus.
626 2445 691 2510 Sed
723 2443 768 2509 nil
789 2445 949 2511 mercedis
979 2449 1128 2531 agimus,
1154 2443 1180 2507 si

193 2568 243 2631 ca,
266 2567 352 2633 quae
374 2543 561 2629 diligimus,
586 2546 784 2630 inquantum
807 2542 998 2632 possumus,
1022 2567 1090 2612 non
1113 2543 1181 2608 imi·

191 2656 309 2712 tamur.
350 2645 537 2711 Dicendum
558 2646 673 2729 itaque
691 2655 741 2708 est
755 2643 938 2725 benevolis,
963 2646 1043 2733 quia
1066 2647 1096 2710 si
1112 2644 1179 2708 imi·

191 2747 259 2812 tari
280 2743 368 2810 bona
389 2747 521 2810 minime
548 2744 724 2824 festinant,
752 2765 838 2830 quae
860 2743 1037 2810 laudantes
1062 2767 1178 2832 appro
1220 2769 1221 2772 ¹

192 2845 286 2926 bant,
311 2847 359 2910 sic
380 2845 428 2911 eis
449 2845 607 2910 virtutum
629 2843 789 2909 sanctitas
811 2845 898 2908 sicut
919 2842 1033 2909 stultis
1055 2853 1179 2931 specta·

190 2941 319 3010 toribus
339 2943 542 3010 ludicrarum
564 2945 684 3008 artium
695 2944 827 3008 vanitas
845 2943 965 3029 placet.
1010 2941 1068 3007 illi
1092 2968 1178 3012 narn·
1220 2995 1221 3054 p

193 3065 258 3130 que
273 3045 464 3129 aurigarum
476 3051 509 3108 et
530 3039 727 3109 histrionum
737 3051 833 3126 gesta
846 3040 1019 3108 favoribus
1033 3043 1180 3122 efferunt,
1220 3055 1221 3129 i

190 3165 252 3210 nec
272 3152 383 3208 tamen
404 3140 486 3208 tales
514 3163 586 3206 esse
615 3138 824 3224 desiderant,
858 3140 974 3230 quales
1003 3141 1077 3208 illos
1108 3167 1179 3211 con·

218 3353 238 3422 'i
254 3351 347 3406 Devoti
371 3349 486 3405 iauwrss
512 3366 606 3406 scenae
624 3352 786 3419 dicebantur,
814 3353 859 3420 qui
884 3368 933 3406 non
957 3352 1039 3405 solum
1059 3353 1177 3422 plausum
1219 3397 1220 3402 ,

259 3435 361 3500 dabant,
378 3437 423 3489 ssd
440 3438 557 3506 impense
574 3439 684 3493 studiosi
708 3439 800 3492 theatri
818 3439 949 3506 deditique
968 3439 993 3491 ei
1013 3445 1089 3494 erant
1107 3452 1183 3510 opert
1219 3479 1220 3514 ,

258 3533 361 3590 qnoque
385 3527 462 3590 atque
481 3523 586 3578 addicti.
621 3523 666 3578 Sic
688 3522 827 3578 Suetonius
853 3526 883 3578 de
910 3524 1034 3592 Galignts
1059 3541 1121 3596 cap.
1137 3524 1177 3580 &t

260 3607 364 3662 scribit:
387 3609 555 3677 „liquescam
573 3610 686 3662 ordinem
706 3616 734 3663 ut
760 3623 886 3663 scenas
904 3623 1109 3680 arenaeque
1127 3614 1176 3666 is-

259 3699 372 3747 votum
391 3695 497 3748 assidue
513 3694 664 3763 proscidit“
