2468 4218
533 300 572 316 -
615 261 695 332 132·
720 299 763 326 .-

146 450 291 511 menus,
326 426 400 494 sed
420 425 683 498 veluntatem
704 432 816 518 ejus,
845 429 917 516 qui
938 428 1053 494 misit
1074 449 1143 512 me,

147 527 306 594 Petris.
329 524 356 614 ¹)
406 525 539 606 Quint
566 526 669 614 hujus
698 526 810 596 adhuc
837 528 970 596 virtutis
999 527 1142 613 gretiam

146 625 409 706 commendaret,
433 633 640 694 servaturum
664 646 700 692 se
721 625 785 694 hoc
800 628 836 694 in
853 636 1002 694 extreme
1016 626 1143 714 judicio

145 725 339 816 praemisit,
363 721 491 788 dicens:
523 721 608 808 Ego
635 745 657 788 n
683 746 742 788 me
764 725 856 812 ipse
877 748 958 792 non
979 745 1143 811 pessum

145 825 294 892 fucere
317 819 551 909 quidquam,
576 820 645 888 sed
667 823 772 888 sicut
793 823 929 906 audio,
947 821 1141 912 judico.²)

147 923 227 1004 Qun
247 925 361 1009 itaque
385 919 588 989 conscientie
610 915 924 1004 dedignetur,hom0
940 922 1073 988 alienae
1086 945 1142 990 ve·

146 1019 271 1088 luntnti
298 1020 531 1107 acquiescere,
560 1015 696 1102 quando
724 1018 791 1084 Dei
817 1029 851 1085 et
878 1021 1018 1088 hominis
1039 1019 1140 1104 filius,

146 1142 220 1188 cnm
242 1121 375 1186 virtutis
398 1139 479 1184 suec
500 1114 642 1203 gloriam
665 1119 757 1184 venit
778 1119 973 1203 ostendere,
1002 1129 1141 1187 testetur

147 1243 183 1288 se
205 1242 271 1287 nen
294 1241 315 1284 s
338 1218 514 1304 semetipso
532 1215 710 1302 judicare?
818 1240 821 1250 ·

208 1319 254 1384 At
275 1326 393 1384 eontra
414 1315 615 1382 admonendi
634 1326 711 1382 sunt
730 1317 972 1400 inconstantes,
993 1328 1032 1384 ut
1050 1341 1139 1384 men·

144 1427 213 1487 tem
233 1417 403 1502 gravitate
425 1415 592 1486 roborent.
635 1416 731 1482 Tune
752 1417 839 1482 enim
861 1419 1030 1503 genimine
1051 1419 1141 1486 inse

143 1514 380 1584 mutabilitatis
401 1512 605 1596 arefaciunt,
630 1537 704 1580 cum
725 1539 746 1581 a
766 1515 861 1583 corde
884 1518 977 1603 prius
998 1517 1140 1583 radicem

143 1615 291 1685 levitatis
312 1613 505 1696 abscidunt3
528 1615 607 1700 quie
629 1625 661 1680 et
675 1624 755 1681 tunc
765 1616 896 1682 fabrice
908 1615 1047 1686 robusta
1063 1640 1139 1686 con·

145 1716 319 1798 struitur„
343 1735 418 1780 cum
446 1714 538 1800 prius
567 1713 661 1780 locus
690 1715 836 1799 solidus,
869 1717 905 1782 in
927 1739 992 1804 quo
1018 1716 1138 1784 fundu·

143 1823 292 1880 mentum
320 1815 400 1900 poni
425 1811 569 1894 debeat,
598 1814 801 1900 providetur.
850 1815 925 1882 Nisi
956 1838 1035 1902 ergo
1062 1827 1140 1884 ente

144 1916 265 1980 mentis
290 1912 413 1982 levitas
440 1922 617 1996 caveatur,
650 1916 902 2000 cogitationum
918 1917 1142 1984 inconstantis

144 2016 279 2086 minime
300 2014 453 2084 vincitur.
483 2011 515 2078 A
537 2013 659 2100 quibus
682 2037 718 2080 se
733 2014 882 2081 alienum
899 2015 1028 2082 Paulus
1039 2016 1141 2084 fuisse

143 2112 333 2204 perhibuit,
364 2135 438 2178 eum
467 2112 564 2178 dicit:
582 2112 803 2202 ,Numquid
831 2115 1011 2180 levitate
1040 2139 1139 2182 usus

143 2215 253 2281 sum?
282 2215 356 2280 aut
383 2233 494 2299 quae
524 2195 689 2297 cogito,
725 2213 947 2286 secundum
971 2237 1139 2280 curnem

143 2315 313 2398 cogito,
336 2320 382 2376 ut
405 2311 462 2376 sit
483 2311 595 2396 apud
615 2335 679 2380 me,
696 2311 771 2377 Est
793 2323 831 2379 et
855 2311 968 2379 Non?
991 2313 1018 2397 ὅ)
1051 2313 1140 2382 Acsi

142 2423 259 2504 aperte
283 2410 399 2482 dicat:
440 2409 568 2474 Idcirco
601 2409 835 2479 mutabilitatis
859 2434 944 2478 auru
979 2435 1047 2480 nou
1074 2438 1158 2482 mor

142 2535 244 2594 veor,
269 2511 350 2596 quia
370 2509 530 2580 levitatis¹
543 2510 625 2575 vitio
646 2533 715 2576 non
738 2510 926 2578 succumbo.

370 2739 372 2744 -
465 2655 678 2760 'cneus
713 2693 810 2758 xus.

159 2798 164 2807 ”
188 2791 358 2880 Quomodo
382 2811 606 2878 admonendi,
630 2812 690 2882 qui
714 2812 1038 2883 intemperantius,
1065 2821 1119 2868 et,

384 2897 439 2966 qui
464 2898 610 2966 parcius
634 2897 714 2950 cibo
737 2903 894 2952 utuntur.

205 3014 316 3082 Aliter
334 3013 531 3080 admonendi
553 3023 630 3078 sunt
651 3011 752 3096 gulae
774 3013 896 3098 dediti,
918 3026 1019 3103 atque
1042 3011 1138 3084 aliter

142 3114 361 3182 abstinentes.
405 3113 485 3179 Illos
513 3112 601 3176 enim
631 3112 847 3198 superfluitas
867 3115 1066 3197 locutionis,
1094 3119 1136 3184 lc·

142 3216 233 3282 vites
254 3217 365 3302 operis
395 3224 496 3298 utque
515 3211 669 3300 luxuria,
699 3211 783 3280 istos
808 3236 887 3280 vero
910 3237 1011 3304 saepe
1033 3219 1134 3309 impc-

143 3315 301 3396 tieutiee,
324 3332 426 3393 saepe
448 3331 526 3374 vero
542 3309 721 3398 superbiae
737 3313 1034 3402 culpucousitutur.
1064 3319 1137 3386 Nisi

143 3415 233 3480 enim
259 3413 357 3500 gulae
385 3407 513 3475 deditos
540 3409 756 3502 immoderata
782 3412 973 3500 loquecitas
993 3431 1137 3504 raperet,

144 3510 239 3580 dives
260 3512 334 3594 ille,
365 3510 424 3597 qui
447 3507 604 3598 epulatus
626 3511 774 3599 quotidie
800 3513 922 3582 dicitur
950 3514 1133 3602 splendide,

142 3649 432 3674 μ-ή--υ--ι

179 3718 200 3784 ¹)
216 3717 293 3769 icen.
309 3714 334 3781 ὃ,
352 3713 395 3770 30.
414 3741 443 3751 -
465 3711 485 3776 ¹)
502 3711 578 3765 soen.
596 3710 619 3777 5,
640 3710 682 3768 30.
700 3742 732 3753 -
754 3714 774 3790 ξ)
792 3715 817 3771 2.
835 3715 895 3772 Ocu.
913 3717 938 3786 1,
956 3715 997 3772 17.
