<?xml version="1.0" encoding="UTF-8"?>
<!DOCTYPE html PUBLIC "-//W3C//DTD XHTML 1.0 Transitional//EN"
    "http://www.w3.org/TR/xhtml1/DTD/xhtml1-transitional.dtd">
<html xmlns="http://www.w3.org/1999/xhtml" xml:lang="en" lang="en">
 <head>
  <title>
</title>
<meta http-equiv="Content-Type" content="text/html;charset=utf-8" />
  <meta name='ocr-system' content='tesseract 3.04.00' />
  <meta name='ocr-capabilities' content='ocr_page ocr_carea ocr_par ocr_line ocrx_word'/>
</head>
<body>
  <div class='ocr_page' id='page_1' title='image "./depastoralicura00greggoog_0061.png"; bbox 0 0 2486 4222; ppageno 0'>
   <div class='ocr_carea' id='block_1_1' title="bbox 140 250 1145 1006">
    <p class='ocr_par' dir='ltr' id='par_1_1' title="bbox 140 250 1145 1006">
     <span class='ocr_line' id='line_1_1' title="bbox 539 250 746 322; baseline 0.01 -16"><span class='ocrx_word' id='word_1_1' title='bbox 539 291 580 306; x_wconf 83' lang='lat'>-</span> <span class='ocrx_word' id='word_1_2' title='bbox 621 250 662 322; x_wconf 68' lang='lat'><strong>38</strong></span> <span class='ocrx_word' id='word_1_3' title='bbox 705 291 746 308; x_wconf 93' lang='grc'><strong>..</strong></span> 
     </span>
     <span class='ocr_line' id='line_1_2' title="bbox 142 415 1145 510; baseline -0.002 -18"><span class='ocrx_word' id='word_1_4' title='bbox 142 417 301 505; x_wconf 77' lang='lat' dir='ltr'><strong>sustinet,</strong></span> <span class='ocrx_word' id='word_1_5' title='bbox 322 419 510 489; x_wconf 85' lang='lat' dir='ltr'><strong>immundus</strong></span> <span class='ocrx_word' id='word_1_6' title='bbox 532 415 705 505; x_wconf 78' lang='lat' dir='ltr'><strong>asseritur,</strong></span> <span class='ocrx_word' id='word_1_7' title='bbox 730 421 809 508; x_wconf 88' lang='lat' dir='ltr'><strong>quia</strong></span> <span class='ocrx_word' id='word_1_8' title='bbox 827 418 1037 510; x_wconf 77' lang='lat' dir='ltr'><strong>multiloquio</strong></span> <span class='ocrx_word' id='word_1_9' title='bbox 1058 423 1145 490; x_wconf 63' lang='lat' dir='ltr'><strong>adt-</strong></span> 
     </span>
     <span class='ocr_line' id='line_1_3' title="bbox 143 515 1144 610; baseline 0.001 -21"><span class='ocrx_word' id='word_1_10' title='bbox 143 515 232 589; x_wconf 88' lang='lat' dir='ltr'><strong>ditus</strong></span> <span class='ocrx_word' id='word_1_11' title='bbox 254 543 296 588; x_wconf 85' lang='lat' dir='ltr'><strong>ex</strong></span> <span class='ocrx_word' id='word_1_12' title='bbox 318 543 358 604; x_wconf 86' lang='lat' dir='ltr'><strong>eo</strong></span> <span class='ocrx_word' id='word_1_13' title='bbox 381 541 417 588; x_wconf 85' lang='lat' dir='ltr'><strong>se</strong></span> <span class='ocrx_word' id='word_1_14' title='bbox 438 519 605 610; x_wconf 78' lang='lat' dir='ltr'><strong>inquinat,</strong></span> <span class='ocrx_word' id='word_1_15' title='bbox 628 519 718 608; x_wconf 90' lang='lat' dir='ltr'><strong>quod</strong></span> <span class='ocrx_word' id='word_1_16' title='bbox 741 521 770 586; x_wconf 90' lang='lat' dir='ltr'><strong>si</strong></span> <span class='ocrx_word' id='word_1_17' title='bbox 790 520 940 586; x_wconf 89' lang='lat' dir='ltr'><strong>ordinate</strong></span> <span class='ocrx_word' id='word_1_18' title='bbox 960 533 1144 608; x_wconf 76' lang='lat' dir='ltr'><strong>promeret,</strong></span> 
     </span>
     <span class='ocr_line' id='line_1_4' title="bbox 142 619 1143 710; baseline -0.001 -21"><span class='ocrx_word' id='word_1_19' title='bbox 142 622 267 710; x_wconf 90' lang='lat' dir='ltr'><strong>prolem</strong></span> <span class='ocrx_word' id='word_1_20' title='bbox 288 630 398 686; x_wconf 87' lang='lat' dir='ltr'><strong>rectae</strong></span> <span class='ocrx_word' id='word_1_21' title='bbox 414 621 627 706; x_wconf 84' lang='lat' dir='ltr'><strong>cogitationis</strong></span> <span class='ocrx_word' id='word_1_22' title='bbox 637 619 737 686; x_wconf 85' lang='lat' dir='ltr'><strong>edere</strong></span> <span class='ocrx_word' id='word_1_23' title='bbox 759 619 1015 686; x_wconf 78' lang='lat' dir='ltr'><strong>inaudientiam</strong></span> <span class='ocrx_word' id='word_1_24' title='bbox 1034 619 1143 688; x_wconf 83' lang='lat' dir='ltr'><strong>corda</strong></span> 
     </span>
     <span class='ocr_line' id='line_1_5' title="bbox 142 717 1140 810; baseline -0.005 -20"><span class='ocrx_word' id='word_1_25' title='bbox 142 722 323 810; x_wconf 84' lang='lat' dir='ltr'><strong>potuisset3</strong></span> <span class='ocrx_word' id='word_1_26' title='bbox 345 717 490 808; x_wconf 87' lang='lat' dir='ltr'><strong>dumque</strong></span> <span class='ocrx_word' id='word_1_27' title='bbox 501 721 657 786; x_wconf 90' lang='lat' dir='ltr'><strong>incautus</strong></span> <span class='ocrx_word' id='word_1_28' title='bbox 668 741 730 808; x_wconf 84' lang='lat' dir='ltr'><strong>per</strong></span> <span class='ocrx_word' id='word_1_29' title='bbox 746 717 981 807; x_wconf 76' lang='lat' dir='ltr'><strong>loquacitatem</strong></span> <span class='ocrx_word' id='word_1_30' title='bbox 1001 719 1140 805; x_wconf 82' lang='lat' dir='ltr'><strong>diffluit,</strong></span> 
     </span>
     <span class='ocr_line' id='line_1_6' title="bbox 140 817 1142 906; baseline 0 -20"><span class='ocrx_word' id='word_1_31' title='bbox 140 839 209 886; x_wconf 90' lang='lat' dir='ltr'><strong>non</strong></span> <span class='ocrx_word' id='word_1_32' title='bbox 231 817 274 884; x_wconf 86' lang='lat' dir='ltr'><strong>ad</strong></span> <span class='ocrx_word' id='word_1_33' title='bbox 295 841 390 885; x_wconf 83' lang='lat' dir='ltr'><strong>usum</strong></span> <span class='ocrx_word' id='word_1_34' title='bbox 423 819 573 906; x_wconf 83' lang='lat' dir='ltr'><strong>generis,</strong></span> <span class='ocrx_word' id='word_1_35' title='bbox 604 819 665 886; x_wconf 87' lang='lat' dir='ltr'><strong>sed</strong></span> <span class='ocrx_word' id='word_1_36' title='bbox 694 819 737 886; x_wconf 90' lang='lat' dir='ltr'><strong>ad</strong></span> <span class='ocrx_word' id='word_1_37' title='bbox 756 819 997 886; x_wconf 76' lang='lat' dir='ltr'><strong>immunditiam</strong></span> <span class='ocrx_word' id='word_1_38' title='bbox 1024 839 1142 886; x_wconf 83' lang='lat' dir='ltr'><strong>semen</strong></span> 
     </span>
     <span class='ocr_line' id='line_1_7' title="bbox 146 917 1139 1006; baseline 0.002 -22"><span class='ocrx_word' id='word_1_39' title='bbox 146 919 294 984; x_wconf 82' lang='lat' dir='ltr'><strong>effundit.</strong></span> <span class='ocrx_word' id='word_1_40' title='bbox 339 918 437 987; x_wconf 84' lang='lat' dir='ltr'><strong>Unde</strong></span> <span class='ocrx_word' id='word_1_41' title='bbox 458 919 586 986; x_wconf 88' lang='lat' dir='ltr'><strong>Paulus</strong></span> <span class='ocrx_word' id='word_1_42' title='bbox 619 940 750 1006; x_wconf 89' lang='lat' dir='ltr'><strong>quoque</strong></span> <span class='ocrx_word' id='word_1_43' title='bbox 779 941 852 983; x_wconf 89' lang='lat' dir='ltr'><strong>cum</strong></span> <span class='ocrx_word' id='word_1_44' title='bbox 874 917 1072 1006; x_wconf 89' lang='lat' dir='ltr'><strong>discipulum</strong></span> <span class='ocrx_word' id='word_1_45' title='bbox 1094 920 1139 986; x_wconf 81' lang='lat' dir='ltr'><strong>dc</strong></span> 
     </span>
    </p>
   </div>
   <div class='ocr_carea' id='block_1_2' title="bbox 137 1017 1240 1208">
    <p class='ocr_par' dir='ltr' id='par_1_2' title="bbox 137 1017 1240 1208">
     <span class='ocr_line' id='line_1_8' title="bbox 140 1017 1137 1112; baseline 0 -30"><span class='ocrx_word' id='word_1_46' title='bbox 140 1019 303 1112; x_wconf 84' lang='lat' dir='ltr'><strong>instantia</strong></span> <span class='ocrx_word' id='word_1_47' title='bbox 324 1019 581 1106; x_wconf 74' lang='lat' dir='ltr'><strong>praedicationis</strong></span> <span class='ocrx_word' id='word_1_48' title='bbox 603 1018 815 1101; x_wconf 87' lang='lat' dir='ltr'><strong>admoneret,</strong></span> <span class='ocrx_word' id='word_1_49' title='bbox 838 1017 976 1083; x_wconf 90' lang='lat' dir='ltr'><strong>dicens:</strong></span> <span class='ocrx_word' id='word_1_50' title='bbox 1002 1017 1137 1084; x_wconf 83' lang='lat' dir='ltr'><strong>&#39;Pesti-</strong></span> 
     </span>
     <span class='ocr_line' id='line_1_9' title="bbox 137 1113 1240 1208; baseline 0.004 -28"><span class='ocrx_word' id='word_1_51' title='bbox 137 1115 250 1183; x_wconf 85' lang='lat' dir='ltr'><strong>ficor</strong></span> <span class='ocrx_word' id='word_1_52' title='bbox 281 1139 428 1185; x_wconf 86' lang='lat' dir='ltr'><strong>coram</strong></span> <span class='ocrx_word' id='word_1_53' title='bbox 451 1119 541 1185; x_wconf 87' lang='lat' dir='ltr'><strong>Deo</strong></span> <span class='ocrx_word' id='word_1_54' title='bbox 571 1125 614 1183; x_wconf 87' lang='lat' dir='ltr'><strong>et</strong></span> <span class='ocrx_word' id='word_1_55' title='bbox 636 1117 812 1185; x_wconf 79' lang='lat' dir='ltr'><strong>Christo</strong></span> <span class='ocrx_word' id='word_1_56' title='bbox 833 1113 953 1200; x_wconf 77' lang='lat' dir='ltr'><strong>deso,</strong></span> <span class='ocrx_word' id='word_1_57' title='bbox 982 1119 1137 1208; x_wconf 85' lang='lat' dir='ltr'><strong>quijn·</strong></span> <span class='ocrx_word' id='word_1_58' title='bbox 1239 1135 1240 1150; x_wconf 64' lang='lat'>¹</span> 
     </span>
    </p>
   </div>
   <div class='ocr_carea' id='block_1_3' title="bbox 140 1215 1240 1304">
    <p class='ocr_par' dir='ltr' id='par_1_3' title="bbox 140 1215 1240 1304">
     <span class='ocr_line' id='line_1_10' title="bbox 140 1215 1240 1304; baseline 0.002 -22"><span class='ocrx_word' id='word_1_59' title='bbox 140 1215 360 1285; x_wconf 82' lang='lat' dir='ltr'><strong>dicaturus</strong></span> <span class='ocrx_word' id='word_1_60' title='bbox 381 1231 444 1287; x_wconf 88' lang='lat' dir='ltr'><strong>ost</strong></span> <span class='ocrx_word' id='word_1_61' title='bbox 465 1221 580 1286; x_wconf 86' lang='lat' dir='ltr'><strong>vivos</strong></span> <span class='ocrx_word' id='word_1_62' title='bbox 603 1229 643 1285; x_wconf 89' lang='lat' dir='ltr'><strong>et</strong></span> <span class='ocrx_word' id='word_1_63' title='bbox 663 1229 864 1299; x_wconf 88' lang='lat' dir='ltr'><strong>mortuos,</strong></span> <span class='ocrx_word' id='word_1_64' title='bbox 887 1238 962 1304; x_wconf 88' lang='lat' dir='ltr'><strong>per</strong></span> <span class='ocrx_word' id='word_1_65' title='bbox 984 1217 1135 1284; x_wconf 83' lang='lat' dir='ltr'><strong>adven·</strong></span> <span class='ocrx_word' id='word_1_66' title='bbox 1239 1243 1240 1252; x_wconf 53' lang='lat'>¹</span> 
     </span>
    </p>
   </div>
   <div class='ocr_carea' id='block_1_4' title="bbox 138 1317 1136 1804">
    <p class='ocr_par' dir='ltr' id='par_1_4' title="bbox 138 1317 1136 1804">
     <span class='ocr_line' id='line_1_11' title="bbox 139 1317 1134 1404; baseline 0.001 -23"><span class='ocrx_word' id='word_1_67' title='bbox 139 1321 227 1382; x_wconf 86' lang='lat' dir='ltr'><strong>tum</strong></span> <span class='ocrx_word' id='word_1_68' title='bbox 249 1320 398 1404; x_wconf 88' lang='lat' dir='ltr'><strong>ipsius</strong></span> <span class='ocrx_word' id='word_1_69' title='bbox 418 1329 462 1384; x_wconf 90' lang='lat' dir='ltr'><strong>et</strong></span> <span class='ocrx_word' id='word_1_70' title='bbox 483 1341 663 1404; x_wconf 84' lang='lat' dir='ltr'><strong>regnum</strong></span> <span class='ocrx_word' id='word_1_71' title='bbox 686 1320 796 1403; x_wconf 81' lang='lat' dir='ltr'><strong>ejus,</strong></span> <span class='ocrx_word' id='word_1_72' title='bbox 818 1317 1025 1403; x_wconf 84' lang='lat' dir='ltr'><strong>praedica</strong></span> <span class='ocrx_word' id='word_1_73' title='bbox 1046 1337 1134 1382; x_wconf 86' lang='lat' dir='ltr'><strong>ver·</strong></span> 
     </span>
     <span class='ocr_line' id='line_1_12' title="bbox 138 1413 1136 1506; baseline 0.003 -25"><span class='ocrx_word' id='word_1_74' title='bbox 138 1413 247 1506; x_wconf 88' lang='lat' dir='ltr'><strong>bum,</strong></span> <span class='ocrx_word' id='word_1_75' title='bbox 269 1419 381 1483; x_wconf 88' lang='lat' dir='ltr'><strong>iusta</strong></span> <span class='ocrx_word' id='word_1_76' title='bbox 405 1429 655 1506; x_wconf 86' lang='lat' dir='ltr'><strong>opportune,</strong></span> <span class='ocrx_word' id='word_1_77' title='bbox 676 1417 930 1504; x_wconf 89' lang='lat' dir='ltr'><strong>importune,</strong></span> <span class='ocrx_word' id='word_1_78' title='bbox 946 1413 1136 1503; x_wconf 82' lang='lat' dir='ltr'><strong>²)dicturua</strong></span> 
     </span>
     <span class='ocr_line' id='line_1_13' title="bbox 139 1515 1136 1605; baseline 0.002 -27"><span class='ocrx_word' id='word_1_79' title='bbox 139 1517 396 1600; x_wconf 81' lang='lat' dir='ltr'><strong>importune,</strong></span> <span class='ocrx_word' id='word_1_80' title='bbox 419 1518 591 1605; x_wconf 82' lang='lat' dir='ltr'><strong>praemisit</strong></span> <span class='ocrx_word' id='word_1_81' title='bbox 610 1529 866 1605; x_wconf 85' lang='lat' dir='ltr'><strong>opportune,</strong></span> <span class='ocrx_word' id='word_1_82' title='bbox 899 1517 979 1603; x_wconf 90' lang='lat' dir='ltr'><strong>quia</strong></span> <span class='ocrx_word' id='word_1_83' title='bbox 1007 1515 1136 1581; x_wconf 87' lang='lat' dir='ltr'><strong>scilicet</strong></span> 
     </span>
     <span class='ocr_line' id='line_1_14' title="bbox 139 1613 1136 1704; baseline 0 -24"><span class='ocrx_word' id='word_1_84' title='bbox 139 1613 230 1701; x_wconf 90' lang='lat' dir='ltr'><strong>apud</strong></span> <span class='ocrx_word' id='word_1_85' title='bbox 246 1615 408 1682; x_wconf 88' lang='lat' dir='ltr'><strong>auditoris</strong></span> <span class='ocrx_word' id='word_1_86' title='bbox 419 1627 561 1682; x_wconf 86' lang='lat' dir='ltr'><strong>mentem</strong></span> <span class='ocrx_word' id='word_1_87' title='bbox 576 1617 653 1704; x_wconf 84' lang='lat' dir='ltr'><strong>ipsa</strong></span> <span class='ocrx_word' id='word_1_88' title='bbox 675 1639 737 1682; x_wconf 90' lang='lat' dir='ltr'><strong>sua</strong></span> <span class='ocrx_word' id='word_1_89' title='bbox 750 1615 882 1682; x_wconf 86' lang='lat' dir='ltr'><strong>vilitate</strong></span> <span class='ocrx_word' id='word_1_90' title='bbox 891 1614 917 1704; x_wconf 83' lang='lat'><strong>²)</strong></span> <span class='ocrx_word' id='word_1_91' title='bbox 931 1639 969 1684; x_wconf 85' lang='lat' dir='ltr'><strong>se</strong></span> <span class='ocrx_word' id='word_1_92' title='bbox 981 1615 1136 1699; x_wconf 78' lang='lat' dir='ltr'><strong>destruit,</strong></span> 
     </span>
     <span class='ocr_line' id='line_1_15' title="bbox 140 1711 1009 1804; baseline -0.001 -26"><span class='ocrx_word' id='word_1_93' title='bbox 140 1713 169 1778; x_wconf 85' lang='lat' dir='ltr'><strong>si</strong></span> <span class='ocrx_word' id='word_1_94' title='bbox 189 1711 315 1778; x_wconf 81' lang='lat' dir='ltr'><strong>habere</strong></span> <span class='ocrx_word' id='word_1_95' title='bbox 337 1716 571 1798; x_wconf 84' lang='lat' dir='ltr'><strong>importunitas</strong></span> <span class='ocrx_word' id='word_1_96' title='bbox 593 1717 874 1804; x_wconf 88' lang='lat' dir='ltr'><strong>opportunitatem</strong></span> <span class='ocrx_word' id='word_1_97' title='bbox 889 1716 1009 1781; x_wconf 78' lang='lat' dir='ltr'><strong>&#39;nescit</strong></span> 
     </span>
    </p>
   </div>
   <div class='ocr_carea' id='block_1_5' title="bbox 502 1880 777 1980">
    <p class='ocr_par' dir='ltr' id='par_1_5' title="bbox 502 1880 777 1980">
     <span class='ocr_line' id='line_1_16' title="bbox 502 1880 777 1980; baseline -0.004 -32"><span class='ocrx_word' id='word_1_98' title='bbox 502 1880 696 1948; x_wconf 72' lang='lat' dir='ltr'><strong>copon</strong></span> <span class='ocrx_word' id='word_1_99' title='bbox 737 1884 777 1980; x_wconf 73' lang='lat' dir='ltr'><strong>u</strong></span> 
     </span>
    </p>
   </div>
   <div class='ocr_carea' id='block_1_6' title="bbox 175 1999 1100 2157">
    <p class='ocr_par' dir='ltr' id='par_1_6' title="bbox 175 1999 1100 2157">
     <span class='ocr_line' id='line_1_17' title="bbox 175 1999 1100 2071; baseline -0.002 -20"><span class='ocrx_word' id='word_1_100' title='bbox 175 1999 215 2051; x_wconf 86' lang='lat' dir='ltr'><strong>Ut</strong></span> <span class='ocrx_word' id='word_1_101' title='bbox 238 2000 288 2052; x_wconf 88' lang='lat' dir='ltr'><strong>sit</strong></span> <span class='ocrx_word' id='word_1_102' title='bbox 311 2007 427 2054; x_wconf 84' lang='lat' dir='ltr'><strong>rector</strong></span> <span class='ocrx_word' id='word_1_103' title='bbox 451 2000 615 2069; x_wconf 75' lang='lat' dir='ltr'><strong>singulis</strong></span> <span class='ocrx_word' id='word_1_104' title='bbox 636 2002 890 2071; x_wconf 84' lang='lat' dir='ltr'><strong>compassione</strong></span> <span class='ocrx_word' id='word_1_105' title='bbox 912 2000 1100 2069; x_wconf 80' lang='lat' dir='ltr'><strong>proximus,</strong></span> 
     </span>
     <span class='ocr_line' id='line_1_18' title="bbox 233 2087 1038 2157; baseline -0.001 -18"><span class='ocrx_word' id='word_1_106' title='bbox 233 2101 310 2154; x_wconf 87' lang='lat' dir='ltr'><strong>praa</strong></span> <span class='ocrx_word' id='word_1_107' title='bbox 329 2087 799 2157; x_wconf 84' lang='lat' dir='ltr'><strong>cunctiscontemplationc</strong></span> <span class='ocrx_word' id='word_1_108' title='bbox 825 2099 1038 2155; x_wconf 81' lang='lat' dir='ltr'><strong>suspensus.</strong></span> 
     </span>
    </p>
   </div>
   <div class='ocr_carea' id='block_1_7' title="bbox 69 2203 1137 2592">
    <p class='ocr_par' dir='ltr' id='par_1_7' title="bbox 69 2203 1137 2592">
     <span class='ocr_line' id='line_1_19' title="bbox 205 2203 1137 2293; baseline -0.004 -24"><span class='ocrx_word' id='word_1_109' title='bbox 205 2203 255 2269; x_wconf 91' lang='lat' dir='ltr'><strong>Sit</strong></span> <span class='ocrx_word' id='word_1_110' title='bbox 283 2215 392 2271; x_wconf 87' lang='lat' dir='ltr'><strong>rector</strong></span> <span class='ocrx_word' id='word_1_111' title='bbox 421 2204 563 2290; x_wconf 82' lang='lat' dir='ltr'><strong>singulis</strong></span> <span class='ocrx_word' id='word_1_112' title='bbox 585 2206 814 2293; x_wconf 78' lang='lat' dir='ltr'><strong>compassione</strong></span> <span class='ocrx_word' id='word_1_113' title='bbox 835 2204 1023 2292; x_wconf 86' lang='lat' dir='ltr'><strong>proximus,</strong></span> <span class='ocrx_word' id='word_1_114' title='bbox 1052 2223 1137 2288; x_wconf 84' lang='lat' dir='ltr'><strong>prae</strong></span> 
     </span>
     <span class='ocr_line' id='line_1_20' title="bbox 142 2301 1137 2393; baseline -0.003 -25"><span class='ocrx_word' id='word_1_115' title='bbox 142 2307 269 2370; x_wconf 90' lang='lat' dir='ltr'><strong>cunctis</strong></span> <span class='ocrx_word' id='word_1_116' title='bbox 291 2306 568 2391; x_wconf 83' lang='lat' dir='ltr'><strong>contemplatione</strong></span> <span class='ocrx_word' id='word_1_117' title='bbox 592 2328 789 2393; x_wconf 85' lang='lat' dir='ltr'><strong>suspensus,</strong></span> <span class='ocrx_word' id='word_1_118' title='bbox 811 2314 897 2370; x_wconf 87' lang='lat' dir='ltr'><strong>utet</strong></span> <span class='ocrx_word' id='word_1_119' title='bbox 916 2323 978 2391; x_wconf 89' lang='lat' dir='ltr'><strong>por</strong></span> <span class='ocrx_word' id='word_1_120' title='bbox 998 2301 1137 2388; x_wconf 87' lang='lat' dir='ltr'><strong>pietatis</strong></span> 
     </span>
     <span class='ocr_line' id='line_1_21' title="bbox 69 2403 1137 2482; baseline -0.001 -16"><span class='ocrx_word' id='word_1_121' title='bbox 69 2435 73 2444; x_wconf 93' lang='lat'>.</span> <span class='ocrx_word' id='word_1_122' title='bbox 139 2403 270 2469; x_wconf 86' lang='lat' dir='ltr'><strong>viscera</strong></span> <span class='ocrx_word' id='word_1_123' title='bbox 291 2405 328 2470; x_wconf 92' lang='lat' dir='ltr'><strong>in</strong></span> <span class='ocrx_word' id='word_1_124' title='bbox 349 2427 385 2470; x_wconf 89' lang='lat' dir='ltr'><strong>se</strong></span> <span class='ocrx_word' id='word_1_125' title='bbox 412 2405 636 2471; x_wconf 85' lang='lat' dir='ltr'><strong>infirmitatem</strong></span> <span class='ocrx_word' id='word_1_126' title='bbox 660 2415 846 2471; x_wconf 86' lang='lat' dir='ltr'><strong>ceterorum</strong></span> <span class='ocrx_word' id='word_1_127' title='bbox 867 2403 1068 2482; x_wconf 82' lang='lat' dir='ltr'><strong>transferat,</strong></span> <span class='ocrx_word' id='word_1_128' title='bbox 1101 2411 1137 2466; x_wconf 87' lang='lat' dir='ltr'><strong>et</strong></span> 
     </span>
     <span class='ocr_line' id='line_1_22' title="bbox 139 2503 1136 2592; baseline -0.003 -25"><span class='ocrx_word' id='word_1_129' title='bbox 139 2523 201 2588; x_wconf 91' lang='lat' dir='ltr'><strong>per</strong></span> <span class='ocrx_word' id='word_1_130' title='bbox 234 2503 475 2590; x_wconf 82' lang='lat' dir='ltr'><strong>speculationis</strong></span> <span class='ocrx_word' id='word_1_131' title='bbox 507 2504 718 2572; x_wconf 88' lang='lat' dir='ltr'><strong>altitudinem</strong></span> <span class='ocrx_word' id='word_1_132' title='bbox 754 2505 968 2591; x_wconf 88' lang='lat' dir='ltr'><strong>semetipsum</strong></span> <span class='ocrx_word' id='word_1_133' title='bbox 1000 2521 1136 2592; x_wconf 87' lang='lat' dir='ltr'><strong>quoque</strong></span> 
     </span>
    </p>
   </div>
   <div class='ocr_carea' id='block_1_8' title="bbox 140 2601 1242 2694">
    <p class='ocr_par' dir='ltr' id='par_1_8' title="bbox 140 2601 1242 2694">
     <span class='ocr_line' id='line_1_23' title="bbox 140 2601 1242 2694; baseline 0.001 -29"><span class='ocrx_word' id='word_1_134' title='bbox 140 2601 327 2670; x_wconf 84' lang='lat' dir='ltr'><strong>invisibilia</strong></span> <span class='ocrx_word' id='word_1_135' title='bbox 349 2607 536 2694; x_wconf 89' lang='lat' dir='ltr'><strong>appetendo</strong></span> <span class='ocrx_word' id='word_1_136' title='bbox 544 2602 772 2686; x_wconf 87' lang='lat' dir='ltr'><strong>transcendat,</strong></span> <span class='ocrx_word' id='word_1_137' title='bbox 795 2616 913 2669; x_wconf 83' lang='lat' dir='ltr'><strong>noant</strong></span> <span class='ocrx_word' id='word_1_138' title='bbox 934 2604 1137 2689; x_wconf 81' lang='lat' dir='ltr'><strong>altapetens</strong></span> <span class='ocrx_word' id='word_1_139' title='bbox 1241 2617 1242 2678; x_wconf 50' lang='lat' dir='ltr'><strong>t</strong></span> 
     </span>
    </p>
   </div>
   <div class='ocr_carea' id='block_1_9' title="bbox 134 2701 1136 3589">
    <p class='ocr_par' dir='ltr' id='par_1_9' title="bbox 134 2701 1136 3589">
     <span class='ocr_line' id='line_1_24' title="bbox 138 2701 1135 2790; baseline -0.002 -24"><span class='ocrx_word' id='word_1_140' title='bbox 138 2705 362 2788; x_wconf 83' lang='lat' dir='ltr'><strong>proximorum</strong></span> <span class='ocrx_word' id='word_1_141' title='bbox 383 2705 514 2770; x_wconf 85' lang='lat' dir='ltr'><strong>infirma</strong></span> <span class='ocrx_word' id='word_1_142' title='bbox 536 2704 710 2790; x_wconf 88' lang='lat' dir='ltr'><strong>despiciat,</strong></span> <span class='ocrx_word' id='word_1_143' title='bbox 733 2713 793 2768; x_wconf 86' lang='lat' dir='ltr'><strong>aut</strong></span> <span class='ocrx_word' id='word_1_144' title='bbox 814 2701 953 2768; x_wconf 86' lang='lat' dir='ltr'><strong>infirmis</strong></span> <span class='ocrx_word' id='word_1_145' title='bbox 967 2702 1135 2789; x_wconf 84' lang='lat' dir='ltr'><strong>proximo·</strong></span> 
     </span>
     <span class='ocr_line' id='line_1_25' title="bbox 139 2793 1136 2892; baseline -0.003 -25"><span class='ocrx_word' id='word_1_146' title='bbox 139 2823 214 2867; x_wconf 89' lang='lat' dir='ltr'><strong>rum</strong></span> <span class='ocrx_word' id='word_1_147' title='bbox 235 2823 421 2887; x_wconf 84' lang='lat' dir='ltr'><strong>congruens</strong></span> <span class='ocrx_word' id='word_1_148' title='bbox 444 2814 602 2892; x_wconf 87' lang='lat' dir='ltr'><strong>appetere</strong></span> <span class='ocrx_word' id='word_1_149' title='bbox 624 2801 694 2868; x_wconf 85' lang='lat' dir='ltr'><strong>alta</strong></span> <span class='ocrx_word' id='word_1_150' title='bbox 715 2803 938 2890; x_wconf 85' lang='lat' dir='ltr'><strong>derelinquat.</strong></span> <span class='ocrx_word' id='word_1_151' title='bbox 973 2793 1061 2866; x_wconf 85' lang='lat' dir='ltr'><strong>Hinc</strong></span> <span class='ocrx_word' id='word_1_152' title='bbox 1082 2808 1136 2864; x_wconf 84' lang='lat' dir='ltr'><strong>ost</strong></span> 
     </span>
     <span class='ocr_line' id='line_1_26' title="bbox 138 2899 1134 2990; baseline -0.003 -24"><span class='ocrx_word' id='word_1_153' title='bbox 138 2923 283 2989; x_wconf 86' lang='lat' dir='ltr'><strong>namque</strong></span> <span class='ocrx_word' id='word_1_154' title='bbox 307 2902 395 2990; x_wconf 92' lang='lat' dir='ltr'><strong>quod</strong></span> <span class='ocrx_word' id='word_1_155' title='bbox 411 2905 539 2969; x_wconf 87' lang='lat' dir='ltr'><strong>Paulus</strong></span> <span class='ocrx_word' id='word_1_156' title='bbox 561 2905 596 2968; x_wconf 92' lang='lat' dir='ltr'><strong>in</strong></span> <span class='ocrx_word' id='word_1_157' title='bbox 607 2901 802 2990; x_wconf 84' lang='lat' dir='ltr'><strong>paradisum</strong></span> <span class='ocrx_word' id='word_1_158' title='bbox 815 2901 957 2984; x_wconf 89' lang='lat' dir='ltr'><strong>ducitur,</strong></span> <span class='ocrx_word' id='word_1_159' title='bbox 981 2899 1134 2989; x_wconf 86' lang='lat' dir='ltr'><strong>coelique</strong></span> 
     </span>
     <span class='ocr_line' id='line_1_27' title="bbox 137 2999 1136 3086; baseline 0.002 -20"><span class='ocrx_word' id='word_1_160' title='bbox 137 3003 227 3067; x_wconf 86' lang='lat' dir='ltr'><strong>tertii</strong></span> <span class='ocrx_word' id='word_1_161' title='bbox 251 3015 381 3070; x_wconf 83' lang='lat' dir='ltr'><strong>secreta</strong></span> <span class='ocrx_word' id='word_1_162' title='bbox 402 3005 562 3084; x_wconf 86' lang='lat' dir='ltr'><strong>rimatur,</strong></span> <span class='ocrx_word' id='word_1_163' title='bbox 577 3002 603 3086; x_wconf 80' lang='grc'><strong>3)</strong></span> <span class='ocrx_word' id='word_1_164' title='bbox 637 3013 803 3069; x_wconf 86' lang='lat' dir='ltr'><strong>ettamen</strong></span> <span class='ocrx_word' id='word_1_165' title='bbox 826 3002 889 3067; x_wconf 90' lang='lat' dir='ltr'><strong>illa</strong></span> <span class='ocrx_word' id='word_1_166' title='bbox 918 2999 1136 3068; x_wconf 86' lang='lat' dir='ltr'><strong>invisibilium</strong></span> 
     </span>
     <span class='ocr_line' id='line_1_28' title="bbox 138 3100 1135 3191; baseline 0 -25"><span class='ocrx_word' id='word_1_167' title='bbox 138 3103 416 3191; x_wconf 84' lang='lat' dir='ltr'><strong>contemplatione</strong></span> <span class='ocrx_word' id='word_1_168' title='bbox 438 3123 620 3189; x_wconf 86' lang='lat' dir='ltr'><strong>suspensus</strong></span> <span class='ocrx_word' id='word_1_169' title='bbox 633 3104 676 3169; x_wconf 88' lang='lat' dir='ltr'><strong>ad</strong></span> <span class='ocrx_word' id='word_1_170' title='bbox 690 3100 801 3168; x_wconf 88' lang='lat' dir='ltr'><strong>cubile</strong></span> <span class='ocrx_word' id='word_1_171' title='bbox 823 3101 1007 3168; x_wconf 81' lang='lat' dir='ltr'><strong>carnalium</strong></span> <span class='ocrx_word' id='word_1_172' title='bbox 1027 3101 1135 3168; x_wconf 83' lang='lat' dir='ltr'><strong>aciem</strong></span> 
     </span>
     <span class='ocr_line' id='line_1_29' title="bbox 136 3200 1134 3292; baseline 0.002 -28"><span class='ocrx_word' id='word_1_173' title='bbox 136 3203 257 3268; x_wconf 89' lang='lat' dir='ltr'><strong>mentis</strong></span> <span class='ocrx_word' id='word_1_174' title='bbox 278 3213 430 3292; x_wconf 83' lang='lat' dir='ltr'><strong>revocat,</strong></span> <span class='ocrx_word' id='word_1_175' title='bbox 461 3211 564 3288; x_wconf 86' lang='lat' dir='ltr'><strong>atquc</strong></span> <span class='ocrx_word' id='word_1_176' title='bbox 591 3205 627 3268; x_wconf 88' lang='lat' dir='ltr'><strong>in</strong></span> <span class='ocrx_word' id='word_1_177' title='bbox 649 3201 788 3268; x_wconf 88' lang='lat' dir='ltr'><strong>occultis</strong></span> <span class='ocrx_word' id='word_1_178' title='bbox 811 3202 882 3268; x_wconf 85' lang='lat' dir='ltr'><strong>suis</strong></span> <span class='ocrx_word' id='word_1_179' title='bbox 905 3201 1053 3288; x_wconf 83' lang='lat' dir='ltr'><strong>qualiter</strong></span> <span class='ocrx_word' id='word_1_180' title='bbox 1074 3200 1134 3266; x_wconf 88' lang='lat' dir='ltr'><strong>dc·</strong></span> 
     </span>
     <span class='ocr_line' id='line_1_30' title="bbox 135 3299 1133 3389; baseline -0.002 -21"><span class='ocrx_word' id='word_1_181' title='bbox 135 3301 239 3382; x_wconf 82' lang='lat' dir='ltr'><strong>beant</strong></span> <span class='ocrx_word' id='word_1_182' title='bbox 260 3301 454 3368; x_wconf 72' lang='lat' dir='ltr'><strong>conuersari</strong></span> <span class='ocrx_word' id='word_1_183' title='bbox 476 3299 667 3389; x_wconf 83' lang='lat' dir='ltr'><strong>dispensat,</strong></span> <span class='ocrx_word' id='word_1_184' title='bbox 690 3302 819 3367; x_wconf 88' lang='lat' dir='ltr'><strong>dicens:</strong></span> <span class='ocrx_word' id='word_1_185' title='bbox 847 3301 1031 3389; x_wconf 89' lang='lat' dir='ltr'><strong>Propter</strong></span> <span class='ocrx_word' id='word_1_186' title='bbox 1051 3300 1133 3367; x_wconf 82' lang='lat' dir='ltr'><strong>for-</strong></span> 
     </span>
     <span class='ocr_line' id='line_1_31' title="bbox 135 3399 1132 3488; baseline -0.003 -19"><span class='ocrx_word' id='word_1_187' title='bbox 135 3399 393 3469; x_wconf 85' lang='lat' dir='ltr'><strong>nicationem</strong></span> <span class='ocrx_word' id='word_1_188' title='bbox 416 3411 550 3468; x_wconf 89' lang='lat' dir='ltr'><strong>autem</strong></span> <span class='ocrx_word' id='word_1_189' title='bbox 572 3403 877 3488; x_wconf 84' lang='lat' dir='ltr'><strong>unusquisque</strong></span> <span class='ocrx_word' id='word_1_190' title='bbox 900 3423 1013 3465; x_wconf 86' lang='lat' dir='ltr'><strong>suam</strong></span> <span class='ocrx_word' id='word_1_191' title='bbox 1034 3423 1132 3466; x_wconf 84' lang='lat' dir='ltr'><strong>uxo·</strong></span> 
     </span>
     <span class='ocr_line' id='line_1_32' title="bbox 134 3501 1135 3589; baseline 0.002 -23"><span class='ocrx_word' id='word_1_192' title='bbox 134 3523 218 3568; x_wconf 90' lang='lat' dir='ltr'><strong>rcm</strong></span> <span class='ocrx_word' id='word_1_193' title='bbox 246 3501 423 3587; x_wconf 86' lang='lat' dir='ltr'><strong>habeat,</strong></span> <span class='ocrx_word' id='word_1_194' title='bbox 455 3512 497 3570; x_wconf 84' lang='lat' dir='ltr'><strong>et</strong></span> <span class='ocrx_word' id='word_1_195' title='bbox 525 3522 812 3589; x_wconf 80' lang='lat' dir='ltr'><strong>unaquaeque</strong></span> <span class='ocrx_word' id='word_1_196' title='bbox 847 3522 960 3568; x_wconf 80' lang='lat' dir='ltr'><strong>suum</strong></span> <span class='ocrx_word' id='word_1_197' title='bbox 989 3502 1135 3568; x_wconf 78' lang='lat' dir='ltr'><strong>virum</strong></span> 
     </span>
    </p>
   </div>
   <div class='ocr_carea' id='block_1_10' title="bbox 134 3634 417 3656">
    <p class='ocr_par' dir='ltr' id='par_1_10' title="bbox 134 3634 417 3656">
     <span class='ocr_line' id='line_1_33' title="bbox 134 3634 417 3656; baseline 0 0"><span class='ocrx_word' id='word_1_198' title='bbox 134 3634 417 3656; x_wconf 56' lang='lat' dir='ltr'><strong>hh--m—-a-</strong></span> 
     </span>
    </p>
   </div>
   <div class='ocr_carea' id='block_1_11' title="bbox 161 3711 1024 3786">
    <p class='ocr_par' dir='ltr' id='par_1_11' title="bbox 161 3711 1024 3786">
     <span class='ocr_line' id='line_1_34' title="bbox 161 3711 1024 3786; baseline -0.001 -20"><span class='ocrx_word' id='word_1_199' title='bbox 161 3717 182 3779; x_wconf 79' lang='lat'><strong>¹)</strong></span> <span class='ocrx_word' id='word_1_200' title='bbox 199 3715 308 3776; x_wconf 62' lang='lat' dir='ltr'><strong>Uim.</strong></span> <span class='ocrx_word' id='word_1_201' title='bbox 326 3713 351 3782; x_wconf 78' lang='lat' dir='ltr'><strong>t,</strong></span> <span class='ocrx_word' id='word_1_202' title='bbox 370 3716 394 3774; x_wconf 84' lang='lat'><strong>1.</strong></span> <span class='ocrx_word' id='word_1_203' title='bbox 415 3746 443 3755; x_wconf 91' lang='lat'>—</span> <span class='ocrx_word' id='word_1_204' title='bbox 464 3716 488 3786; x_wconf 86' lang='lat'><strong>²)</strong></span> <span class='ocrx_word' id='word_1_205' title='bbox 507 3715 572 3772; x_wconf 79' lang='lat' dir='ltr'><strong>Alit.</strong></span> <span class='ocrx_word' id='word_1_206' title='bbox 589 3713 710 3771; x_wconf 80' lang='lat' dir='ltr'><strong>utilitate.</strong></span> <span class='ocrx_word' id='word_1_207' title='bbox 729 3743 761 3754; x_wconf 87' lang='lat'>-</span> <span class='ocrx_word' id='word_1_208' title='bbox 781 3711 801 3781; x_wconf 80' lang='lat'><strong>³)</strong></span> <span class='ocrx_word' id='word_1_209' title='bbox 818 3713 843 3770; x_wconf 84' lang='lat'><strong>2.</strong></span> <span class='ocrx_word' id='word_1_210' title='bbox 861 3713 920 3768; x_wconf 78' lang='lat' dir='ltr'><strong>(lor.</strong></span> <span class='ocrx_word' id='word_1_211' title='bbox 939 3711 980 3780; x_wconf 67' lang='lat' dir='ltr'><strong>ta</strong></span> <span class='ocrx_word' id='word_1_212' title='bbox 999 3711 1024 3766; x_wconf 87' lang='lat'><strong>3.</strong></span> 
     </span>
    </p>
   </div>
   <div class='ocr_carea' id='block_1_12' title="bbox 0 0 1248 4222">
    <p class='ocr_par' dir='ltr' id='par_1_12' title="bbox 0 0 1248 4222">
     <span class='ocr_line' id='line_1_35' title="bbox 0 0 1248 4222; baseline 0 2"><span class='ocrx_word' id='word_1_213' title='bbox 0 0 1248 4222; x_wconf 95' lang='lat' dir='ltr'><strong> </strong></span> 
     </span>
    </p>
   </div>
  </div>
 </body>
</html>
