2468 4218
474 207 852 321 --ee-'

157 425 251 492 dicit:
289 424 475 509 Diligite
506 424 702 490 inimicos
734 429 920 504 vestros,
953 420 1062 488 bene
1098 421 1152 488 t'a·

157 528 240 592 cite
263 523 345 609 his,
370 525 440 609 qui
463 520 639 589 oderunt
660 545 745 606 vos,
769 531 807 586 et
828 529 950 587 orate
971 543 1046 608 pro
1068 541 1152 610 per·

157 623 435 712 sequentibus
453 619 870 688 etcalumniantibus
890 643 972 687 vos.
987 620 1012 708 1)
1035 622 1151 688 Virtus

155 728 270 814 itaque
303 733 353 788 est
384 744 495 789 coram
525 721 716 788 hominibus
748 720 962 788 adversarios
996 717 1154 803 tolerare;

77 876 82 885 .
156 825 221 893 sed·
234 826 342 892 virtus
364 845 475 890 coram
495 821 569 888 Deo
585 821 742 908 diligere:
764 819 919 908 quiahoc
939 820 1047 886 solum
1061 819 1156 888 Deus

157 923 355 994 sacrificium
378 923 517 1010 accipit,
549 918 639 1008 quod
661 929 738 986 ante
762 921 837 1007 ejus
859 918 976 987 oculos
997 920 1033 986 in
1055 917 1155 986 altari

155 1025 235 1091 boni
257 1024 366 1110 operis
383 1021 517 1086 flamma
538 1021 689 1086 caritatis
704 1019 860 1087 incendit.
897 1021 986 1086 Hinc
1005 1015 1156 1106 estquod

154 1145 287 1190 rursum
308 1121 512 1208 quibusdam
542 1120 765 1206 patientibus,
796 1129 994 1186 nontamen
1015 1117 1155 1207 rliligen·

154 1222 245 1290 tibus
276 1221 373 1287 dicit:
408 1217 521 1300 Quid
547 1227 688 1284 autern
719 1220 837 1285 vides
870 1219 1086 1307 festucam
1117 1217 1158 1282 iu

156 1321 280 1390 oculo
312 1320 465 1386 fratris
494 1319 569 1402 tui,
604 1328 643 1385 et
670 1317 834 1384 trabem
868 1319 911 1384 in
940 1315 1058 1383 oculo
1086 1324 1157 1384 tuo

154 1443 232 1488 non
255 1417 398 1486 vides?
416 1416 442 1504 ²)
473 1415 686 1485 Perturbatio
709 1419 834 1506 quippe
855 1417 1089 1504 impatientiae
1109 1415 1156 1482 fe·

156 1529 253 1588 stuca
282 1527 348 1602 est3
382 1517 513 1584 malitia
540 1539 620 1584 vero
649 1520 686 1582 in
718 1516 816 1582 corde
845 1517 963 1582 trabes
992 1517 1028 1582 in
1050 1515 1158 1582 oculo.

155 1617 257 1685 Illam
281 1637 426 1705 namque
449 1638 533 1682 aura
555 1617 753 1684 tentationis
775 1617 901 1701 agitat,
934 1613 1023 1682 banc
1046 1623 1158 1682 autem

156 1725 382 1784 consummata
404 1716 556 1803 nequitia
571 1736 659 1803 pene
674 1713 884 1782 immobiliter
895 1725 1017 1802 portat.
1051 1715 1165 1784 Recte·

155 1839 236 1885 vero
266 1814 337 1882 illie
366 1813 598 1904 subjungitur:
631 1813 891 1902 Hypoerita,
925 1815 1039 1902 ejice
1072 1817 1157 1902 pri-

154 1939 255 1983 mum
275 1916 434 1981 trabem
464 1914 512 1980 de
536 1911 661 1980 oculo
684 1923 772 1996 tuo,
796 1924 834 1980 et
854 1924 955 1982 tuno
978 1913 1158 1982 videbis

156 2017 311 2105 ejicere
343 2014 552 2082 festucam
584 2013 631 2076 de
665 2011 789 2080 oculo
824 2012 983 2080 fratris
1024 2015 1104 2080 tui.
1129 2013 1157 2100 ³)

154 2113 206 2182 Ac
241 2117 270 2182 si
302 2115 433 2182 dicatur
464 2113 567 2180 menti
598 2113 736 2199 iniquae
768 2113 910 2180 interius
940 2113 1067 2180 dolenti
1078 2163 1089 2197 ,
1126 2124 1159 2180 et

158 2223 306 2282 sanctam
336 2235 371 2280 ee
404 2212 551 2278 exterius
584 2233 645 2298 per
676 2213 870 2298 patientiam
901 2212 1159 2280 demonstranti:

158 2313 257 2381 Prius
281 2337 302 2380 a
324 2323 357 2378 te
378 2311 499 2377 molem
520 2310 669 2378 malitiae
691 2321 829 2393 excute,
853 2321 886 2377 et
908 2323 989 2379 tunc
1010 2313 1160 2381 aliosde

156 2412 388 2500 impatientiae
411 2410 550 2478 levitate
570 2410 783 2500 reprehende
790 2460 801 2495 ,
832 2411 974 2478 nedum
995 2433 1063 2480 non
1087 2421 1158 2479 stu·

157 2511 215 2580 des
237 2509 483 2582 simulationem
498 2511 645 2595 vincere,
666 2512 766 2600 pejus
781 2509 845 2598 tibi
861 2512 905 2578 sit
919 2511 1033 2580 aliena
1047 2533 1160 2600 prava
1229 2555 1230 2576 t

156 2610 310 2678 tolerare.

222 2710 371 2776 Evenire
395 2712 494 2776 etiam
520 2710 714 2798 plerumque
745 2711 953 2798 patientibus
982 2710 1089 2796 solet,
1121 2723 1163 2778 ut

158 2831 197 2878 eo
219 2808 352 2896 quidem
374 2820 532 2898 tempore,
556 2833 620 2898 quo
642 2809 697 2875 vel
719 2811 864 2878 adversa
885 2813 1081 2894 patiuntur,
1104 2808 1163 2877 vel

159 2907 378 2977 contumelias
399 2911 559 2992 audiunt,
582 2907 677 2976 nullo
701 2908 816 2978 dolore
837 2909 1029 2998 pulsentur,
1054 2909 1161 2976 etsie

157 3006 358 3096 patientiam
370 3008 564 3090 exhibeant,
585 3016 624 3074 ut
636 3009 804 3077 custodire
819 3011 918 3076 etiam
936 3009 1044 3078 cordis
1060 3008 1161 3077 inno·

158 3108 301 3176 centiam
322 3132 390 3178 non
412 3111 582 3192 omittant3
605 3108 663 3176 sed
684 3128 758 3176 eum
779 3118 857 3197 post
877 3108 1051 3197 paululum
1071 3108 1165 3175 baec

157 3209 243 3296 ipsa,
268 3231 354 3298 quae
376 3205 585 3296 pertulerint,
610 3208 654 3276 ad
671 3209 864 3276 memoriam
881 3217 1055 3292 revocant,
1077 3207 1167 3292 igne

158 3329 196 3378 se
217 3307 338 3378 doloris
359 3305 576 3394 inflammant,
598 3319 797 3396 argumenta
815 3307 953 3376 ultionis
971 3307 1170 3396 inquirunt,

131 3431 133 3436 ¹
157 3405 524 3492 etmansuetudinem,
547 3429 648 3495 quam
669 3407 854 3478 tolerantes
877 3405 1084 3490 habuerunt,
1106 3427 1162 3474 re·

156 3515 342 3576 tractantes
375 3505 411 3576 in
441 3505 604 3576 malitiam
635 3515 779 3578 vertunt.
834 3505 967 3588 Quibus
1000 3505 1103 3576 eitius
1139 3525 1163 3570 a

187 3719 200 3750 ε
230 3691 1165 3798 sur.=e,rr.-²)peur,nannae‚r1.-smus
