2462 4220
595 215 821 282 -172-

210 407 254 474 px
274 383 441 454 desiderio
464 392 628 471 expectat
671 383 748 452 Non
769 382 882 452 flendo
903 393 1014 456 sutem
1036 381 1137 464 flere,
1160 391 1199 448 cst

118 547 120 552 ,
210 486 259 572 sic
286 486 453 552 exteriora
482 483 625 550 adversa
656 483 837 572 plangere,
866 492 904 548 ut
932 491 1044 547 tamen
1078 483 1199 548 noverit

209 594 377 664 aeternae
392 584 464 670 spei
478 581 704 650 consolatione
715 581 874 668 gaudere.
917 581 963 647 Et
972 603 1122 665 rursum,
1144 605 1198 648 non

209 679 388 770 gaudendo
410 680 574 768 gaudere,
597 691 648 748 est
670 682 718 746 sic
740 682 780 748 de
796 681 916 748 infimis
938 682 1087 749 animum
1108 681 1197 746 attol·

207 781 289 863 lere,
312 789 349 848 ut
370 789 481 848 tamen
502 803 683 866 numquam
705 779 837 848 desinat
862 803 989 850 summa
1010 779 1195 848 formidare.

209 879 279 972 Ubi
310 889 388 968 apte
417 902 551 968 quoque
580 879 682 968 psiulo
712 891 787 967 post
818 881 946 950 subdit:
974 881 1197 948 Praeterit

209 981 313 1066 enim
334 979 479 1066 figura
509 978 634 1066 hujus
661 978 811 1046 mundi.
827 979 853 1067 ¹)
895 981 946 1046 Ac
967 980 996 1045 si
1016 992 1137 1070 aperte
1159 982 1197 1048 di·

207 1089 312 1170 peret:
346 1078 456 1145 Nolite
483 1086 675 1146 constanter
702 1079 861 1144 mundum
884 1079 1045 1166 diligere,
1071 1081 1197 1168 qnando

208 1181 335 1267 etipse
356 1201 424 1246 non
445 1186 566 1265 potest,
590 1199 687 1263 quem
709 1177 860 1263 diligitis,
883 1188 982 1245 stare.
1027 1180 1196 1246 Incassum

207 1298 264 1345 cor
292 1279 390 1364 quasi
417 1287 591 1342 manentes
619 1277 739 1362 figitis,
767 1277 843 1342 dum
871 1278 960 1363 fugit
980 1280 1074 1366 ipse,
1108 1300 1195 1366 quem

207 1378 337 1444 ematis.

267 1473 477 1541 Admonendi
499 1483 577 1540 sunt
596 1476 775 1563 conjuges,
804 1487 841 1542 ut
864 1499 914 1556 ea,
935 1478 971 1542 in
992 1477 1120 1563 quibus
1143 1475 1193 1542 sib'

205 1575 390 1663 aliquando
413 1574 608 1661 displicent,
638 1586 670 1640 et
691 1576 855 1660 patientes
881 1576 1025 1642 invicem
1047 1577 1193 1658 tolerent,

205 1685 239 1742 et
260 1675 478 1742 exhortantes
504 1675 647 1740 invicem
676 1673 817 1742 salvent
854 1673 1025 1763 Scriptum
1054 1696 1194 1765 namquo

206 1765 268 1842 est:
297 1761 485 1842 Invicem
514 1796 644 1841 onera
673 1784 820 1840 vestra
847 1787 1040 1862 portate,
1077 1788 1121 1843 et
1143 1779 1195 1843 sio

205 1872 511 1963 adimplebitis
540 1874 674 1960 legem
704 1872 881 1940 Christi.
902 1874 929 1964 ²)
973 1876 1046 1941 Lex
1075 1879 1192 1966 quippe

204 1973 329 2044 Christi
350 1977 473 2042 caritas
496 1985 563 2044 ests
593 1975 673 2062 quia
696 1995 738 2040 ex
759 1972 818 2039 illo
833 1974 860 2058 3)
882 1975 981 2042 nobis
1003 1988 1039 2042 et
1057 1976 1194 2062 largiter

201 2073 374 2142 suabona
395 2073 541 2158 contulit,
564 2085 597 2139 et
614 2075 859 2159 aequanimiter
869 2074 960 2140 mala
981 2085 1101 2142 nostra
1124 2098 1193 2164 por·

199 2176 293 2253 tavit.
336 2174 433 2240 Tunc
455 2195 533 2260 ergo
555 2172 661 2258 legem
686 2172 809 2240 Christi
831 2173 989 2240 imitando
1004 2173 1034 2259 l)
1057 2177 1193 2266 comple·

200 2297 294 2355 mus,
322 2271 455 2361 quando
485 2283 517 2338 et
543 2282 658 2338 nostra
684 2271 772 2338 bona
805 2273 951 2358 benigne
982 2273 1193 2356 conferimus,

202 2379 236 2437 et
255 2381 442 2440 nostrorum
457 2367 546 2434 mala
559 2369 613 2457 pie
627 2371 837 2437 sustinemus.
880 2371 1096 2439 Admonendi
1119 2398 1193 2462 quo-

203 2493 268 2558 que
291 2482 378 2555 sunt,
400 2481 438 2536 ut
459 2471 728 2557 eorumquisque
749 2481 906 2556 nontam,
931 2493 1017 2558 quae
1036 2473 1081 2538 ab
1093 2475 1193 2539 altero

202 2569 334 2660 tolerat,
358 2592 457 2657 quam
480 2591 566 2657 quae
590 2569 632 2636 ab
654 2571 726 2656 ipso
748 2570 942 2652 tolerantur,
964 2573 1128 2638 attendat
1162 2572 1193 2638 Si

202 2671 289 2736 enim
312 2693 389 2750 sua,
412 2690 498 2754 quae
520 2678 713 2756 portantur,
736 2670 925 2736 considerat
963 2695 1017 2749 ea,
1042 2693 1134 2758 qnae
1155 2673 1195 2740 ab

200 2767 306 2849 altero
328 2770 478 2848 sustinet,
498 2768 605 2835 levius
627 2780 747 2856 portat.

222 2939 225 2950 .
260 2885 472 2960 Admonondi
495 2897 574 2952 sunt
594 2879 763 2973 conjuges,
787 2897 824 2952 ut
840 2887 1071 2974 suscipiendae
1094 2891 1194 2978 prolis

202 3007 239 3050 se
260 2985 471 3050 meminerint
494 3007 598 3052 causa
620 2987 824 3073 conjunctos,
841 2983 867 3072 5)
890 2997 1017 3054 etcum
1040 2989 1193 3056 immode-

188 3135 487 3172 ,ρ’-...Ἀ

221 3228 246 3298 θ)
264 3229 289 3282 1.
309 3227 366 3282 Gor.
385 3231 410 3294 l,
427 3228 470 3282 31.
488 3253 522 3268 -2
549 3228 574 3298 ²)
593 3229 678 3284 Galat.
696 3229 721 3295 6,
740 3231 764 3281 2.
782 3256 817 3266 -
843 3227 863 3298 ³)
879 3187 945 3285 lilit.
963 3231 1024 3298 quia
1044 3233 1092 3286 ille
1109 3235 1196 3289 nobis,

220 3309 248 3400 3)
264 3329 330 3384 Alit.
348 3333 500 3390 meditando.
526 3361 561 3373 -·
587 3329 607 3400 ⁵)
625 3325 784 3386 Matrimonii
812 3329 876 3384 lines
894 3347 910 3384 a
928 3331 1069 3406 Theologis
1096 3342 1192 3406 possin

220 3409 247 3470 εἶ
265 3421 525 3476 ussermannus.
559 3419 687 3488 Princeps
704 3420 808 3487 quidem
835 3423 912 3487 amno
929 3420 1069 3487 primarios
1089 3429 1129 3477 cst
1148 3441 1192 3478 so·

220 3503 335 3572 subolis
351 3504 505 3574 propagatio
522 3508 549 3556 et
563 3505 750 3572 procreationis
765 3503 982 3574 oom'plinenturn,
994 3509 1064 3573 quod
1083 3510 1111 3562 in'
1130 3527 1191 3579 pro·

263 3592 298 3645 lis
316 3589 504 3644 sustentatione
521 3594 547 3643 et
563 3591 665 3644 liberali
682 3591 715 3645 ad
739 3594 859 3644 virtutem
883 3589 1045 3648 institutione
1062 3599 1193 3651 consistit

262 3675 339 3736 Alter
362 3675 423 3730 finis
440 3675 468 3728 in
486 3680 575 3732 mutuo
600 3677 725 3748 adjutorio
743 3677 810 3730 situs
827 3681 876 3744 ost,
903 3675 1004 3733 scilieet
1015 3680 1044 3734 ln
1062 3685 1192 3738 conmuni
