2468 4218
551 231 813 296 ..32-.

153 405 255 470 tros.
272 399 299 484 ¹)
342 397 398 464 Illi
428 396 573 482 discant,
607 398 768 486 quomodo
796 407 874 464 ante
902 398 1023 465 occulti
1055 400 1143 467 arbi-

152 501 197 568 tri
218 501 327 567 oculos
350 523 412 566 sua
446 499 605 566 interiora
627 507 843 584 componant,
876 499 949 581 isti,
981 500 1142 588 quomodo

152 601 252 666 etiam
270 599 451 665 commissis
474 598 539 663 sibi
561 597 715 685 exempla
731 595 816 662 bene
838 597 973 664 vivendi
995 601 1142 670 exterius

151 695 346 788 praebeant.

214 797 307 864 Scire
337 798 457 863 etenim
477 795 620 884 praelati
648 795 789 881 debent,
819 799 950 884 quiesi
979 821 1142 885 perversa

150 917 307 984 umquam
328 902 539 984 perpetrant,
568 903 617 960 tot
637 893 798 961 mortibus
820 895 913 982 digni
936 909 1029 980 sunt,
1061 911 1142 986 quot

150 997 194 1064 ad
215 997 366 1064 subditos
389 1017 467 1063 suos
495 993 693 1082 perditionis
723 995 877 1083 exempla
903 999 1139 1066 transmittunt.

149 1096 248 1164 Unde
258 1119 394 1165 necesse
418 1104 479 1178 est,
502 1103 540 1160 ut
554 1103 646 1161 tanto
668 1117 703 1160 se
724 1098 855 1160 cautius
874 1095 1005 1182 aculpa
1029 1108 1139 1166 custo·

148 1196 261 1281 diaut,
291 1205 416 1285 quau-to
445 1217 505 1281 per
533 1215 661 1280 prava,
694 1217 780 1281 quae
801 1193 947 1276 faciunt,
977 1195 1137 1264 nonsoli

147 1299 344 1378 moriuntur,
368 1291 427 1360 sed
448 1292 589 1359 aliorum
609 1294 815 1376 animarum,
840 1315 923 1380 quas
944 1296 1057 1379 pravis
1079 1318 1137 1362 cx·

147 1397 264 1484 emplis
276 1395 523 1474 destruxerunt,
548 1391 599 1457 rei
610 1401 697 1458 sunt.
740 1390 839 1458 Unde
851 1392 1049 1459 admonendi
1061 1405 1140 1462 sunt

147 1497 206 1578 illi,
230 1515 272 1560 ue
294 1493 475 1559 districtius
495 1489 689 1580 puniantur,
713 1515 740 1556 ει
731 1490 904 1558 absoluti
918 1493 1058 1578 reperiri
1078 1517 1137 1560 ne·

148 1593 315 1686 quiverint
336 1592 451 1658 saltem
473 1591 513 1656 dc
538 1615 590 1675 sc,
618 1593 692 1673 isti,
721 1613 764 1656 ne
786 1589 827 1656 de
856 1591 1063 1658 subditorum
1084 1615 1137 1660 er·

144 1693 275 1762 ratibus
300 1685 510 1781 judicentur,
546 1641 676 1756 etiamsi
704 1711 739 1754 ss
763 1691 835 1784 J‘am
865 1690 906 1756 de
936 1713 972 1757 se
1001 1713 1136 1760 securos

144 1793 329 1862 inveniunt.
371 1790 442 1876 Illi,
463 1800 501 1856 ut
521 1799 616 1856 tanto
638 1789 727 1854 circa
756 1811 791 1854 se
814 1789 985 1856 sollicitius
1007 1792 1135 1876 vivant,

145 1903 270 1982 quanto
292 1915 348 1958 eos
369 1890 480 1957 aliena
500 1911 580 1956 cura
607 1911 675 1955 non
701 1888 865 1974 implicat3
895 1891 952 1955 isti
972 1911 1068 1970 vero,
1097 1899 1138 1957 ut

144 1997 193 2062 sic
213 1993 358 2060 aliorum
379 2011 477 2058 curas
499 1988 670 2076 expleant,
694 1986 857 2076 quatenus
876 1999 910 2054 et
932 2013 1011 2056 suas
1033 2011 1139 2078 agera·

142 2117 208 2163 non
231 2092 406 2175 desistant,
428 2100 462 2156 et
474 2089 521 2156 sic
533 2089 713 2176 inproprie
726 2089 946 2156 sollicitudine
967 2088 1136 2172 ferveant,

143 2204 181 2260 ut
201 2219 222 2260 a
244 2194 488 2261 commissorum
510 2188 660 2254 custodia
681 2189 815 2254 minime
839 2197 1038 2277 torpescant
1080 2186 1135 2254 Illi

142 2295 230 2360 enim
253 2289 534 2359 s1b1metvacant1
548 2287 684 2354 dicitur:
705 2287 819 2354 Vade
842 2289 890 2355 ad
911 2288 1131 2372 formicam,

143 2394 320 2484 opiger,
353 2398 396 2454 et
420 2387 648 2454 considera
675 2390 768 2454 vias
801 2389 912 2476 ejus,
939 2397 981 2454 ct
1013 2388 1130 2456 disce

142 2489 403 2582 sapientiam.
416 2485 443 2573 ²)
486 2483 554 2552 Iste
575 2496 686 2553 autem
701 2485 898 2553 terribiliter
920 2487 1130 2570 admonetur,

140 2616 216 2661 cum
237 2589 374 2656 dicitur:
397 2585 482 2655 Fili
501 2587 571 2670 mi,
597 2589 631 2652 si
653 2585 925 2674 spoponderis
946 2611 1015 2674 pro
1037 2590 1129 2655 ami·

140 2715 191 2760 co
211 2701 298 2772 tuo,
322 2685 542 2754 defixisti
565 2684 676 2775 apud
698 2695 947 2753 extraneum
968 2711 1132 2758 manum

139 2799 269 2872 tua'm,
292 2800 331 2855 et
354 2785 624 2876 illaqueatus
646 2807 688 2850 es
711 2785 857 2852 vorbis
881 2788 966 2855 oris
988 2789 1071 2872 tui,
1092 2799 1131 2855 et

128 2899 295 2978 »captus
317 2879 499 2975 propriis
524 2882 834 2974 sermonibus.)
858 2885 1130 2976 Sponderenam·

140 3011 204 3080 que
226 3009 286 3074 pro
309 2991 413 3056 amico
438 2999 488 3052 est
499 2985 644 3052 alienam
665 2987 808 3052 animam
830 2985 1023 3074 inpericulo
1047 3011 1130 3056 suae

138 3089 404 3160 conversationis
432 3086 594 3172 accipere.
638 3085 736 3172 Unde
763 3095 797 3151 et
819 3085 909 3174 apud
932 3087 1131 3156 extraneum

137 3186 428 3274 manusdefigitur,
453 3182 757 3272 quiaapudcuram
771 3185 1015 3278 sollicitudinis,
1039 3208 1129 3275 quae

133 3298 215 3355 ,ante
244 3288 375 3368 deerat,
402 3306 495 3350 mens
523 3283 659 3370 ligatur.
703 3273 834 3353 Verbis
866 3309 945 3354 vero
978 3287 1045 3354 oris
1075 3291 1131 3356 sui

137 3386 350 3502 illaqueatus
363 3394 424 3470 est,
448 3404 487 3449 ac
507 3386 652 3473 propriis
675 3384 880 3452 sermonibus
894 3397 1023 3474 captos,
1047 3392 1132 3476 quia

137 3483 222 3557 dum
230 3485 419 3583 commissis
432 3469 497 3550 sibi
510 3485 639 3598 cogitur
660 3484 749 3606 bona
767 3483 921 3585 dicere,
911 3490 1131 3614 rpsumprius
1206 3555 1207 3568 ,

134 3632 426 3651 W

153 3760 156 3773 ,
171 3702 310 3773 ¹)Ooloss.
326 3701 352 3773 3,
369 3705 412 3762 20.
430 3703 529 3775 94-
496 3701 567 3768 -²)
586 3665 660 3758 Prov.
679 3675 704 3772 6,
722 3701 796 3762 6.-
817 3681 841 3774 ⁸)
861 3677 937 3764 l⁸rov.
953 3705 978 3773 6,
998 3705 1021 3758 l.
