2462 4220
566 285 606 300 -
647 201 714 314 212⁸]
752 281 793 299 -

176 418 418 506 praecipitatio.
463 414 519 482 Sic
539 417 574 480 in
593 414 653 480 illo
674 415 876 501 reprimatur
895 424 1034 500 repente
1054 411 1156 480 oborta

179 517 425 608 praecipitatio,
447 524 485 580 ut
506 524 617 580 tamen
639 537 705 580 non
716 513 932 579 convalescat
952 516 1109 595 impressa
1124 531 1156 573 ex

173 617 415 705 conspersione
437 614 583 682 formido.
629 613 719 692 Quid
741 621 852 696 autem
873 616 1009 692 mirum,
1032 613 1061 676 si
1079 633 1154 676 men·

174 718 261 782 ‘tium
280 714 398 780 medici
419 715 487 780 ista
508 713 716 794 custodiunt,
744 713 822 780 dnm
842 723 936 780 tanta
964 710 1156 778 discretionis

173 825 251 881 arte
274 836 309 880 se
330 823 532 902 temperant,
557 817 614 900 qui
643 815 831 880 concorda
865 813 922 878 sed
948 831 1085 898 corpora
1104 831 1156 872 me·

173 912 327 978 edentur?
365 913 565 999 Plerumque
601 915 686 978 enim
721 911 831 979 debile
859 933 981 1000 corpus
1016 909 1157 997 opprimit

177 1013 321 1097 languor
342 1013 510 1093 immanis,
538 1015 593 1078 cui
613 1013 786 1098 languoris
816 1013 941 1080 scilicet
963 1009 1091 1076 obviari
1111 1007 1156 1072 ad·

168 1113 310 1200 ,jutoriis
328 1112 473 1178 fortibus
491 1109 602 1192 debet,
627 1112 685 1178 sed
696 1125 808 1178 tamen
830 1131 948 1198 corpus
970 1107 1090 1189 debile,
1112 1105 1155 1170 ad·

167 1213 335 1298 ,jutorium
356 1212 529 1278 lorte'non
553 1213 704 1278 sustinet.
750 1211 868 1277 Studet
889 1211 1002 1296 igitur,
1027 1209 1084 1294 qui
1102 1227 1156 1270 me·

178 1309 293 1394 detur,
328 1323 494 1398 quatenus
521 1314 568 1376 sio
599 1312 896 1397 superexistentem
919 1308 1070 1373 morbum
1094 1302 1155 1371 snb·

178 1411 311 1492 trabat,
340 1421 379 1475 ut
400 1431 612 1496 nequaquam
643 1411 817 1496 supposita
846 1410 992 1496 corporis
1014 1405 1156 1472 debilitas

178 1519 317 1590 creseat,
340 1531 382 1574 ne
397 1510 538 1575 fortasse
551 1509 694 1594 languor
706 1533 779 1575 eum
790 1511 859 1574 vita
876 1507 1015 1573 deficiat.
1060 1505 1156 1570 Tanta

178 1630 258 1692 ergo
282 1606 481 1694 adjutorium
503 1607 698 1674 discretione
709 1608 885 1694 componit,
906 1615 943 1671 ut
957 1628 1022 1671 uno
1044 1603 1155 1670 eodem·

175 1729 244 1794 -que
266 1717 412 1793 tempore
434 1715 468 1772 et
489 1707 646 1792 languori
668 1707 779 1772 obviet
801 1717 834 1772 et
845 1705 1017 1771 debilitati.
1052 1703 1088 1768 si
1107 1700 1155 1786 igi·

177 1815 233 1872 tur
254 1805 417 1871 medicina
438 1809 585 1893 corporis
600 1807 744 1872 indivise
764 1803 917 1871 adhibita
939 1806 1064 1870 servire
1086 1801 1154 1866 divi·

179 1904 318 1972 sibiliter
331 1915 440 1993 potest
462 1907 557 1994 (tunc
579 1909 664 1972 enim
682 1929 760 1972 vere
777 1905 1013 1986 medicinam,
1037 1897 1155 1990 quando

178 2005 227 2072 sic
255 2027 314 2093 per
344 2028 415 2072 eam
446 2007 528 2073 vitio
558 2007 819 2090 superexistenti
850 2007 1069 2086 succurritur,
1085 2001 1109 2088 ¹)
1128 2008 1156 2065 nt

178 2105 278 2171 etiam
296 2107 485 2194 suppositae
497 2106 724 2194 conspersioni
737 2103 916 2192 serviatur)
934 2127 993 2170 our
1006 2102 1156 2167 medicina

178 2206 298 2270 mentia
320 2226 388 2270 una
410 2205 593 2292 eademque
614 2203 864 2290 praedicatione
886 2205 1039 2292 apposita
1052 2201 1080 2289 ²)
1101 2221 1155 2266 mo·

71 2383 73 2388 Ι
178 2325 250 2368 rum
271 2303 392 2370 morbis
414 2303 543 2369 diverso
559 2303 674 2370 ordine
694 2305 832 2370 obviare
853 2327 921 2370 non
934 2303 1059 2384 valeat,
1082 2319 1155 2388 quae

131 2477 134 2484 ¹
167 2411 272 2470 'tanto
295 2401 452 2468 subtilior
473 2403 596 2488 agitur,
621 2414 745 2490 quanto
767 2404 808 2470 de
831 2400 1060 2470 invisibilibus
1082 2411 1155 2466 trae·

179 2511 273 2568 tatur
290 2503 307 2567 t
323 2501 350 2588 3)
420 2531 428 2582 g

463 2686 677 2772 onnon,
697 2687 899 2757 xxxvnn.
929 2657 932 2666 ’

179 2799 279 2892 Quod
303 2823 502 2896 aliquando
527 2823 669 2878 leviora
692 2824 790 2878 vitia
815 2823 1053 2893 relinquenda
1076 2822 1154 2884 eunt¹

402 2915 437 2963 nt
461 2909 643 2978 granista
670 2909 945 2964 subtrahantur.

243 3061 310 3129 Sed
334 3066 415 3150 quia
436 3062 642 3152 plerumque,
666 3063 744 3129 dum
760 3063 901 3130 duorum
922 3063 1075 3129 vitiorum
1095 3062 1154 3127 lan·

179 3181 265 3278 gpor
281 3163 393 3247 irruit,
411 3161 475 3234 boo
491 3162 610 3246 levius,
631 3163 714 3230 illud
724 3163 866 3230 fortasse
880 3165 1018 3248 gravius
1032 3161 1154 3248 premit;

180 3263 387 3330 ninimirum
408 3262 491 3328 vitio
517 3265 641 3330 rectius
670 3261 733 3330 sub
763 3263 931 3330 celeritate
961 3261 1154 3339 subvenitur,

178 3385 239 3452 per
260 3361 348 3450 quod
374 3362 496 3428 festine
523 3361 568 3426 ad
589 3364 761 3430 interitum
790 3362 948 3436 tenditur.
990 3363 1081 3430 Et
1057 3385 1084 3428 ει
1103 3359 1156 3424 hoo

178 3487 200 3530 a
221 3463 334 3530 vicina
354 3463 625 3548 mortereetringi
644 3485 712 3531 non
724 3474 845 3580 potest,
867 3463 932 3530 nisi
923 3461 1036 3527 illud
1057 3437 1178 3539 etiarn,

205 3708 226 3778 ¹)
243 3653 310 3764 Alit.
327 3707 478 3772 assumitur.
496 3737 530 3750 -
548 3708 569 3774 *l
586 3710 651 3765 alta
668 3710 794 3781 opposita.
813 3709 890 3776 κ’)
904 3709 971 3764 alm
985 3650 1097 3764 sanast
