2486 4222
490 265 698 354 ..θεῖ-

83 450 227 519 genus
250 429 431 499 electum
442 429 622 518 regale
646 429 946 508 sacerdotium
971 430 1023 520 ¹)
1036 431 1095 510 Dc

85 527 158 598 hac
179 527 279 602 etiarn
300 538 486 621 potestate,
519 552 588 618 qua
609 529 693 604 vitia
715 523 919 615 subigimus,
933 521 1092 637 Joaunis

88 648 174 694 voce
196 627 410 710 roboramur,
435 629 493 716 qui
515 629 577 694 ait.
618 625 839 714 Quotquot
860 641 1002 700 autern
1027 619 1087 737 re}

88 735 307 842 ceperunt
323 750 428 810 eum,
458 727 578 794 dedit
601 730 662 794 eis
684 739 946 816 potestatem
968 699 1087 797 tilios

89 826 175 891 D·
140 849 177 890 er
204 825 369 913 frer12)
412 827 510 892 Hanc
536 825 734 913 dignitatem
762 826 970 894 fortitudinis
992 829 1087 896 Psal-

88 925 702 1018 mista,considerauereeneMihi
721 937 860 992 autem
880 930 1004 994 nimis
1025 927 1089 994 ho·

91 1025 320 1093 norilicati
343 1035 443 1092 sunt
465 1028 588 1092 amici
608 1029 668 1093 tui
691 1028 825 1108 Deus,
849 1029 977 1094 nimis
1000 1051 1089 1095 con-

89 1125 282 1201 fortatus
307 1135 372 1192 est
393 1128 668 1213 principatus
690 1149 843 1202 eorum.
863 1125 889 1211 3)
935 1126 1089 1206 Quicni-

89 1225 213 1293 mirum
235 1225 432 1292 Sanctorum
455 1248 548 1298 mens
569 1225 801 1315 principaliter
821 1228 858 1292 in
875 1227 1011 1300 summis
1025 1227 1106 1302 eri-⁸

86 1326 204 1410 gitur,
226 1347 300 1391 cum
312 1326 465 1397 exterius
481 1327 616 1413 perpeti
626 1324 758 1412 abjecta
772 1336 963 1406 cernuntur.
994 1325 1088 1393 Auro

87 1435 205 1490 autem
228 1423 408 1513 hyacintho
430 1445 470 1490 ac
494 1447 667 1512 purpurae
687 1426 738 1492 bis
755 1428 879 1492 tinctus
894 1417 1011 1492 coccus
1033 1425 1089 1490 ad·

85 1526 258 1610 jungitur,
280 1536 319 1590 ut
335 1535 415 1590 ante
433 1525 556 1593 interni
568 1527 696 1613 judicis
718 1525 833 1595 oculos
853 1526 964 1593 omnia
983 1525 1087 1590 virtu·

88 1634 161 1690 tum
183 1623 272 1692 bona
299 1647 341 1690 ex
369 1626 510 1692 caritate
533 1625 750 1708 decorentur,
778 1636 813 1689 et
834 1636 968 1705 cuncta,
1001 1645 1089 1712 quae

88 1745 204 1789 eoram
225 1723 414 1790 hominibus
435 1725 585 1803 rutilant,
612 1725 696 1792 haec
717 1727 752 1790 in
768 1737 948 1812 conspectu
969 1723 1091 1790 occulti

86 1822 209 1888 arbitri
229 1823 363 1890 flamma
383 1826 492 1890 intimi
518 1825 640 1891 amoris
665 1825 835 1892 accendat.
879 1824 977 1906 Quae
999 1823 1088 1890 ecili-

87 1933 147 1989 cet
165 1924 305 2006 caritas,
335 1926 417 2009 quia
438 1923 549 1993 Deum
573 1923 740 1990 simulac
761 1927 947 2010 proximum
970 1924 1088 2010 diligit,

92 2024 193 2109 quasi
213 2045 257 2088 ex
283 2023 407 2112 duplici
434 2025 581 2094 tinctura
609 2022 774 2107 fulgescit.
817 2024 885 2106 Qui
912 2027 1018 2110 igitur
1042 2025 1091 2092 sio

88 2121 138 2196 ad
158 2124 305 2190 auctoris
326 2125 471 2210 speciem
491 2121 648 2204 anhelat,
670 2134 709 2188 ut
729 2125 955 2208 proximorum
975 2145 1090 2204 curam

92 2221 259 2306 negligat,
285 2221 342 2288 vel
365 2225 414 2288 sic
442 2223 666 2309 proximorum
693 2245 808 2288 curam
829 2225 1025 2309 exequitur,
1052 2232 1090 2286 ut

92 2344 115 2384 a
135 2320 251 2390 divino
274 2345 386 2388 amore
408 2331 590 2410 torpescat,
618 2323 698 2407 quia
718 2345 822 2391 unum
842 2320 961 2391 horum
983 2320 1088 2408 quod·

88 2419 174 2488 libet
195 2421 354 2508 negligit,
380 2424 417 2490 iu
438 2421 726 2510 superhumeralis
746 2431 941 2495 ornamento
963 2421 1090 2487 habere

87 2541 227 2594 coccum
251 2523 302 2588 bis
320 2525 461 2590 tinctum
482 2522 599 2588 nescit.
620 2520 700 2597 Sed
721 2545 795 2590 curn
815 2544 909 2588 mens
931 2521 975 2586 ad
991 2539 1090 2605 praa-

88 2630 193 2712 cepta
213 2624 366 2690 caritatis
387 2623 551 2706 tenditur,
572 2631 679 2688 restat
699 2620 816 2707 procul
838 2620 955 2702 dubio,
978 2629 1016 2686 ut
1031 2639 1091 2705 per

86 2721 330 2792 abstinentiam
358 2746 436 2790 caro
464 2732 658 2789 maceretur.
707 2721 873 2788 Undat
840 2731 873 2784 et
904 2719 957 2786 bis
986 2709 1091 2788 tincto

91 2844 189 2890 coeco
210 2833 298 2890 torta
320 2823 443 2912 byssus
458 2821 666 2908 adjungitur.
697 2821 752 2886 De
769 2830 861 2886 terra
874 2821 997 2886 etenim
1010 2819 1089 2908 bys,-

94 2924 294 2991 suscitanti
315 2923 426 3008 specie
448 2925 562 2990 oritur.
600 2922 645 2988 Et
666 2918 748 3008 quid
771 2943 831 3008 per
852 2919 1002 3008 byssum,
1025 2921 1091 2994 nisi

88 3023 243 3096 candens
264 3021 384 3092 decore
404 3022 587 3090 munditiae
609 3019 793 3107 corporalis
818 3022 956 3088 castitas
980 3022 1089 3105 desig·
1187 3087 1189 3100 ,

89 3125 218 3194 natur?
262 3121 359 3202 Quae
389 3119 547 3188 videlicet
566 3130 657 3189 torta
694 3119 938 3209 pulchritudini
972 3141 1089 3207 super-

91 3222 278 3292 humeralis
299 3221 493 3303 innectitur,
527 3224 609 3308 quia
629 3228 712 3288 tuno
731 3222 928 3286 castimonia
949 3219 993 3284 ad
1013 3241 1089 3306 per-

90 3325 218 3392 fectum
247 3321 432 3396 munditiae
459 3318 635 3388 candorem
660 3318 808 3402 ducitur,
839 3341 914 3393 cum
941 3319 1088 3406 perab-

89 3425 288 3497 stinontiam,
320 3445 397 3494 caro
423 3420 596 3507 fatigatur.
647 3417 796 3506 Cumque
828 3421 914 3486 inter
945 3419 1095 3496 virtutes

128 3723 148 3786 ι)
174 3723 199 3776 1.
218 3722 286 3775 Petr.
304 3721 336 3790 2,
356 3722 381 3777 9,
400 3750 432 3760 ..
451 3719 474 3788 ι)
492 3722 567 3776 poan·
586 3721 618 3786 1,
637 3721 679 3774 12
702 3747 731 3756 -
752 3715 776 3784 Ἴ
793 3719 844 3796 Ρ...
859 3715 920 3781 138¹
940 3715 982 3772 17.
1012 3698 1014 3706 .
1038 3693 1080 3708 ...

767 3815 847 3881 28*
967 3823 1004 3835 ==
