2462 4220
548 231 797 315 ..Μ-

161 421 231 480 tum
254 415 462 500 postmodum
487 422 598 479 rectae
627 417 829 501 operationis
851 421 1044 504 erigentur3
1075 423 1162 508 quin

161 513 339 580 etidcirco
365 513 469 578 altum
498 513 604 578 silvae
631 513 757 598 lignum
788 515 1001 600 succidimus,
1033 526 1071 582 ut
1094 517 1160 583 hoc
1222 501 1224 538 ¹

160 612 196 677 in
217 612 361 678 aedificii
381 613 525 698 tegmine
548 611 776 678 sublevemus:
798 614 856 679 sed
880 625 992 680 temen
1013 639 1082 682 non
1103 639 1158 683 re·

159 723 260 800 pente
284 713 319 780 in
341 712 472 778 fabrice
491 714 642 794 ponitur,
672 721 711 777 ut
730 714 883 781 nimirum
910 715 1004 801 prius
1029 716 1161 782 vitiose.

65 831 68 838 ’
160 815 234 901 ejus
256 811 413 878 viriditas
434 815 637 893 exsiccetur,
668 815 765 900 cujus
788 835 853 899 quo
874 813 953 900 plus
975 815 1011 878 in
1032 813 1161 880 infimis

157 912 277 977 humor
300 913 515 998 excoquitur,
538 933 577 976 eo
600 910 644 976 nd
666 929 794 976 summe
814 911 954 978 solidius
975 913 1128 979 levatur.

221 1013 267 1076 At
297 1022 413 1078 contra
440 1010 640 1076 admonendi
661 1018 760 1093 suut,
792 1013 851 1097 qui
876 1009 1034 1078 inchoate
1061 1011 1160 1080 bone
1221 1055 1224 1164 p

158 1112 291 1177 minime
313 1119 559 1196 consumment,
583 1119 621 1175 ut
643 1120 743 1176 caute
758 1111 1052 1198 circumspectione
1075 1134 1159 1180 cou-
1223 1185 1224 1190 χ

158 1212 321 1294 siderent,
347 1211 427 1296 quia
449 1209 525 1276 dum
547 1211 718 1298 proposita
739 1233 808 1276 non
827 1211 1019 1297 perficiunt,
1050 1213 1158 1277 etium
1223 1275 1224 1284 ,

158 1333 244 1397 quae
265 1310 402 1376 fuerunt
424 1325 553 1396 coepta,
575 1307 780 1374 convellunt.
817 1308 854 1374 Si
875 1313 964 1376 enim
991 1310 1080 1396 quod
1105 1313 1156 1378 vi·
1222 1289 1224 1336 ⁴

157 1409 254 1476 detur
287 1407 487 1494 gerendum,
527 1407 666 1474 sollicite
703 1409 884 1476 intentione
922 1432 987 1476 non
1019 1412 1156 1493 crescit,
1221 1387 1224 1518 l

157 1517 258 1576 etiam
280 1507 369 1596 quod
389 1508 500 1573 fuerat
520 1507 606 1573 bene
628 1518 778 1592 gestum,
813 1509 984 1576 decrescit
1025 1509 1066 1576 In
1091 1511 1158 1577 hoc
1223 1523 1224 1560 ἐ

130 1601 131 1604 “
158 1613 283 1698 quippe
303 1607 425 1672 mundo
447 1606 593 1672 humana
614 1608 727 1673 anime
749 1611 847 1695 quusi
867 1631 960 1674 ruore
983 1610 1081 1674 nevis
1102 1618 1157 1676 est

157 1720 273 1775 contra
296 1709 393 1774 ictum
415 1707 561 1772 fluminis
584 1706 838 1780 conscendentis
860 1709 901 1795 ¹),
937 1730 1004 1774 uuo
1025 1709 1060 1774 in
1077 1707 1155 1775 loco
1220 1649 1224 1758 i

156 1817 371 1896 nequequam
393 1815 482 1871 stare
503 1805 723 1892 permittitur,
754 1808 834 1894 quin
861 1807 905 1872 ed
932 1809 999 1872 imo
1027 1806 1153 1873 relabi-

155 1920 226 1990 tur,
248 1909 315 1972 nisi
339 1905 383 1970 ad
406 1927 532 1972 summu
554 1915 700 1972 conetur.
734 1905 771 1972 Si
792 1928 871 1992 ergo
891 1907 1049 1973 inchoate
1060 1904 1153 1976 bonu

153 2009 251 2075 fortis
280 2007 450 2093 operantis
475 2025 597 2071 manus
626 2004 670 2070 ed
690 2005 926 2091 perfectionem
954 2029 1019 2072 non
1042 2004 1153 2072 suble-

153 2119 229 2190 vet,
258 2109 334 2194 ipso
355 2103 517 2191 operandi
537 2105 688 2170 remissio
709 2115 825 2172 contre
847 2106 926 2190 hoc,
958 2104 1046 2193 quod
1070 2127 1151 2194 ope·
1222 2145 1223 2152 ι

153 2219 264 2274 ratum
285 2214 352 2288 est,
373 2213 512 2289 pugnet.
554 2204 641 2272 Hinc
662 2213 714 2269 est
735 2206 841 2288 enim,
865 2205 954 2291 quod
974 2227 1035 2292 per
1054 2204 1151 2275 Salo-

154 2329 284 2374 monem
306 2303 444 2368 dicitur:
477 2301 554 2382 Qui
581 2301 719 2368 mollis
749 2313 789 2369 et
817 2305 1055 2372 dissolutus
1086 2315 1154 2373 est

154 2410 197 2473 in
226 2427 353 2494 opere
384 2425 471 2486 sno,
502 2402 640 2467 freter
667 2411 732 2469 est
763 2427 834 2470 sua
862 2428 995 2492 opera
1024 2405 1151 2472 dissi-

154 2507 309 2596 pantis.
330 2504 357 2590 2)
402 2501 492 2584 Quia
514 2501 668 2567 videlicet
684 2505 742 2589 qui
755 2515 872 2592 coeptu
891 2505 979 2572 bone
999 2505 1152 2574 districte

154 2629 221 2673 non
243 2605 439 2691 exequitur,
463 2599 680 2666 dissolutione
703 2602 928 2689 negligentiae
946 2627 1080 2672 menum
1096 2606 1153 2672 de·
1217 2633 1221 2700 p

154 2705 312 2772 struentis
334 2705 490 2768 imitatur.
522 2699 611 2764 Hinc
632 2699 749 2767 Sardis
771 2702 946 2770 Ecclesiae
962 2703 1006 2770 ub
1017 2707 1151 2791 Angelo

155 2803 291 2869 dicitur:
327 2803 428 2868 Esto
449 2799 663 2885 vigilans,
698 2810 736 2868 ot
757 2803 965 2869 confirma
995 2815 1149 2890 cetera,

155 2925 257 2993 quae
294 2902 504 2969 morituro
547 2911 683 2966 erunt:
717 2923 795 2968 non
834 2905 944 2967 enim
975 2906 1152 2973 invenio
1219 2945 1220 2948 =

153 3025 280 3092 opere
313 3013 386 3068 tua
419 3001 544 3089 plenu
577 3023 713 3068 corum
749 3001 836 3068 Deo
868 3025 962 3068 meo.
986 3002 1014 3092 l)
1058 3004 1152 3085 Quia

153 3106 259 3190 igitur
280 3102 383 3192 plena
405 3119 515 3166 eoram
536 3099 610 3166 Deo
632 3102 706 3189 ejus
727 3124 830 3190 opera
845 3103 982 3171 inventa
998 3105 1150 3173 nonius·

153 3215 241 3286 rant,
263 3201 425 3269 moritura
437 3200 568 3286 relique
584 3203 696 3285 ctiam,
718 3223 806 3290 quae
819 3215 917 3270 eruut
931 3215 1037 3289 gestu,
1051 3229 1150 3295 prae·

154 3302 296 3368 dicebat.
341 3300 378 3366 si
400 3301 487 3365 enim
509 3299 597 3387 quod
625 3311 788 3368 mortuum
815 3305 852 3368 in
877 3302 972 3370 nobis
1001 3313 1071 3390 est,
1106 3306 1151 3374 ud

152 3403 255 3470 vitam
276 3423 344 3467 non
365 3399 577 3483 accenditur,
601 3401 664 3467 hoc
685 3403 784 3469 ctiam
807 3404 1032 3490 extinguitur,
1059 3405 1149 3490 quod

154 3501 252 3590 quusi
280 3501 390 3567 adhuc
419 3501 534 3568 vivum
561 3510 705 3568 tenetur.
752 3502 964 3574 Admonendi
985 3513 1097 3612 sunta
1112 3517 1152 3576 ut

156 3651 442 3667 Q

189 3722 209 3786 ι)
226 3721 292 3782 Alit
309 3719 545 3777 conusscsnusnriu
564 3749 596 3767 -
623 3721 646 3790 ⁸)
665 3724 742 3778 Prov.
760 3723 808 3794 18,
826 3723 853 3782 9.
871 3723 908 3765 -’
933 3722 957 3794 ⁸)
978 3727 1060 3798 Apus.
1077 3725 1149 3792 3.2.
