2468 4218
553 239 776 302 -rao-

169 403 240 466 diu
256 404 419 490 judicii.
442 409 465 485 ¹)
511 403 662 468 Otiosum
685 407 809 491 quippe
830 403 969 468 verbum
991 415 1050 482 est,
1073 401 1160 489 quod

168 515 228 568 aut
252 505 381 568 ratione
397 505 510 589 J'ustue
540 505 766 584 necessitatis,
791 515 849 568 aut
874 504 1059 568 intentione
1082 505 1161 589 piae

168 599 326 666 utilitatis
346 613 446 666 curet.
492 601 527 666 Si
549 625 630 686 ergo
651 603 695 669 de
715 605 818 670 otioso
832 625 981 668 sermone
998 603 1084 668 ratio
1102 625 1160 668 ex·

167 702 288 786 igitur,
311 723 504 788 pensemus,
528 724 614 789 quae
626 725 736 786 poena
753 702 999 789 multiloquium
1012 716 1160 785 maneat,

167 801 202 864 iu
225 823 290 886 quo
312 801 410 864 etiam
433 823 492 887 per
513 803 616 867 noxia
636 799 743 866 verba
764 814 931 889 peccatur.

511 983 705 1049 carur
742 984 816 1048 xv.
918 937 921 946 ’

171 1145 176 1160 ι
225 1118 404 1184 Quomodo
429 1120 647 1172 admonendi
676 1121 773 1187 pigri
800 1120 1088 1188 etpraecipites.

227 1251 332 1319 Aliter
347 1251 556 1318 ‘admonendi
577 1265 655 1320 suut
676 1255 782 1338 pigri,
816 1267 917 1342 utque
937 1253 1036 1322 aliter
1058 1277 1157 1342 prae·
1219 1253 1220 1258 ’

165 1351 290 1440 cipites.
322 1351 379 1416 Illi
402 1375 547 1438 namque
565 1353 727 1418 suadendi
746 1366 832 1436 suut,
855 1375 897 1417 ne
912 1353 1044 1440 agenda
1058 1355 1161 1440 bona,

165 1451 242 1517 dum
266 1451 439 1534 differunt,
460 1441 635 1518 vamittant:
666 1456 722 1519 isti
746 1477 822 1518 vero
845 1440 1048 1519 admouendi
1068 1464 1158 1538 suut,

164 1573 206 1630 ne
230 1547 307 1615 dum
330 1550 491 1616 bonorum
520 1564 650 1639 tompus
682 1555 815 1620 incaute
845 1551 1034 1618 festinando
1057 1578 1155 1642 prae·

164 1653 319 1732 ¹veniunt,
344 1674 455 1716 eorum
479 1655 598 1728 merita
620 1655 799 1718 immutent
843 1653 952 1740 Pigris
975 1653 1090 1739 itaque
1106 1654 1156 1720 iu·

165 1749 346 1816 timendum
375 1763 443 1833 ost,
477 1749 563 1838 quod
592 1775 693 1838 saepe
723 1753 799 1818 dum
830 1763 1014 1840 opportune
1037 1775 1154 1837 agere,

88 1850 91 1858 ’
164 1849 251 1938 quac
274 1875 465 1938 possumus,
490 1851 654 1934 nolumus,
678 1851 879 1940 paulopost,
901 1851 1158 1936 ournvolumus,
1220 1893 1221 1982 1

161 1949 227 2016 non
250 1951 410 2017 valemus.
444 1951 523 2038 ipsa
546 1955 670 2038 quippe
691 1947 963 2033 montisdesidia,
986 1949 1156 2018 domoon·
1220 1995 1221 2026 r

162 2072 246 2134 gruo
267 2052 400 2118 fervore
424 2075 490 2117 nou
513 2051 725 2132 accenditur,
757 2073 777 2113 a
808 2051 967 2115 bonorum
990 2049 1156 2117 desiderio
1220 2061 1221 2094 f

160 2149 309 2218 funditus
324 2151 578 2218 convalescente
589 2153 700 2216 furtim
716 2163 845 2238 torpore
856 2159 1028 2216 mactatur.
1054 2148 1155 2216 Unde

161 2262 276 2332 aperte
298 2260 359 2338 p'er
382 2250 590 2317 Salomonem
616 2250 753 2315 dicitur:
794 2247 976 2332 Pigredo
1007 2251 1154 2315 immit-

107 2372 109 2376 ·
159 2351 214 2414 tit
236 2373 438 2436 soporem.
456 2351 483 2426 2“)
528 2350 628 2435 Piger
651 2353 738 2413 enim
762 2359 849 2412 recte
868 2347 1037 2414 sentiendo
1057 2349 1155 2434 quasi

158 2447 300 2536 vigilat,
336 2451 488 2535 quamvis
516 2449 563 2514 nil
593 2447 765 2535 operando
795 2460 971 2535 torpescat.
1018 2449 1082 2513 Sed
1106 2449 1154 2530 pi·

159 2547 261 2634 gredo
277 2572 426 2636 soporem
440 2551 614 2616 immittere
629 2549 765 2632 dicitur3
785 2549 863 2634 quia
873 2547 1153 2634 paulisperetiam

159 2659 248 2713 recte
272 2649 436 2714 sentiendi
459 2647 485 2736 3)
514 2649 694 2736 vigilantia
716 2649 892 2728 amittitur,
924 2646 1002 2712 dum
1024 2670 1045 2710 a
1066 2645 1154 2711 bene

159 2747 320 2833 operandi
348 2749 457 2816 studio
488 2761 646 2816 cessatur.
703 2745 769 2812 Ubi
799 2758 889 2812 recte
924 2745 1154 2834 subjungitur:
1221 2823 1222 2836 χ

159 2849 210 2914 Et
237 2850 374 2912 anima
404 2847 615 2922 dissoluto
645 2845 862 2933 esuriett)
906 2846 992 2912 Nam
1014 2847 1093 2932 quia
1118 2867 1152 2910 se

158 2947 203 3028 ad
224 2947 395 3036 superiora
425 2947 619 3034 stringendo
643 2969 708 3012 non
731 2945 864 3032 dirigit,
898 2945 1085 3030 neglectam
1102 2966 1151 3009 se

83 3056 85 3060 '
157 3046 298 3112 inferius
320 3070 378 3134 per
400 3047 565 3114 desideria
596 3047 775 3134 expandit3'
802 3056 834 3110 et
867 3045 943 3112 dum
971 3043 1155 3110 studiorum

159 3147 349 3214 sublimium
371 3151 487 3232 vigore
510 3172 577 3216 non
600 3145 860 3230 constringitur,
889 3143 1081 3232 cupiditatis
1104 3145 1158 3208 iu·

194 3362 212 3429 ¹)
230 3363 321 3414 Matth.
341 3363 382 3427 12,
400 3361 442 3416 36:
462 3389 494 3398 —-
514 3360 537 3427 ²)
556 3353 748 3426 Prov,19,'15.
765 3355 842 3425 ·-'³)
860 3357 924 3409 Alit.
934 3360 1001 3408 recto
1011 3355 1155 3408 sentiendo:

171 3467 174 3472 ¹
227 3463 294 3515 quae
311 3448 389 3500 lectio
407 3462 424 3498 u
442 3450 510 3498 recto
535 3459 615 3498 tonsu
637 3460 690 3497 uun
714 3444 850 3510 abhorret,
876 3443 950 3496 modo
972 3441 1012 3492 aio
1034 3439 1153 3507 legatur:

226 3535 306 3601 „quia
332 3532 466 3602 paulisper
489 3531 572 3604 ctiam,
590 3536 657 3584 recte
682 3529 815 3584 sentiendo
840 3527 980 3597 vigilantia
1001 3525 1153 3578 amittitur.“

207 3606 331 3672 'Scilicet
347 3633 400 3672 uou
418 3615 516 3672 adlicit
531 3622 601 3672 recte
616 3616 729 3684 sentiro,
754 3615 809 3670 uisi
822 3613 920 3668 bonum
931 3625 1082 3684 operemur,
1099 3625 1156 3680 quo

223 3705 342 3773 neglecto
357 3704 483 3759 amittitur
500 3703 645 3772 vigilantia.
665 3729 694 3741 -
714 3699 736 3767 ⁴)
753 3701 829 3756 Prov.
848 3700 889 3773 19,
908 3699 951 3757 to.
