2486 4222
437 257 644 326 ..21-

30 425 120 488 mari
141 434 233 488 recte
247 445 368 489 navem
384 435 418 489 et
429 425 605 510 imperitus
619 424 743 511 dirigit,
766 424 902 490 turbato
923 433 1036 493 autem

29 523 246 608 tempestatis
268 520 426 590 fluctibns
448 523 547 588 etiam
569 524 698 609 peritus
720 547 757 589 se
778 532 882 589 nauta
896 523 1035 591 confun-

32 621 91 684 dit
141 619 400 708 Quicumque
423 632 474 687 est
494 631 644 709 potestas
666 622 836 704 culminis,
863 623 930 688 nisi
953 632 1036 687 tem·

29 730 152 805 pestas
171 721 318 787 mentis?
348 722 385 788 in
407 741 474 807 qua
498 743 628 808 semper
649 723 887 806 cogitationum
911 721 1038 810 procel·

30 819 75 884 lis
97 822 198 886 navis
225 821 333 886 cordis
363 821 533 907 quatitur,
571 819 637 887 buc
657 820 805 907 illucque
829 823 1043 887 incessanter·

32 917 237 1005 impellitur,
260 929 298 984 nt
318 943 379 1007 per
399 921 594 1008 repentinos
614 941 772 987 excessus
795 922 862 986 oris
880 935 913 987 et
928 923 1042 1008 operis

34 1019 138 1107 quasi
159 1041 221 1107 per
243 1019 416 1086 obviantia
436 1043 521 1086 saxa
541 1020 730 1105 frangatur.
762 1020 855 1086 inter
872 1020 957 1086 haec
973 1023 1036 1086 ita-

35 1141 102 1205 que
137 1117 217 1205 quid
244 1119 450 1206 sequendum
477 1130 543 1202 est,
578 1117 660 1206 quid
681 1117 877 1201 tenendum,
910 1121 977 1185 nisi
997 1127 1040 1184 nt

34 1218 224 1283 virtutibus
245 1217 376 1304 pollens
397 1229 533 1285 coactus
562 1219 606 1283 ad
626 1221 775 1302 regimen
797 1221 931 1302 veniat,
968 1220 1035 1284 vir·

33 1317 165 1382 tutibus
186 1339 313 1384 vacuus
336 1339 398 1384 nec
419 1328 554 1385 coactus
576 1317 740 1384 accedat?
777 1317 843 1383 Ille
862 1319 890 1382 si
903 1319 1040 1384 omnino

35 1417 214 1498 renititur,
246 1427 368 1489 caveat
395 1439 438 1482 ne
467 1427 639 1503 acceptam
669 1419 847 1504 pecuniam
877 1419 912 1483 in
935 1415 1036 1483 suda·

35 1519 124 1580 rium
145 1515 277 1602 ligans,
301 1516 342 1581 de
365 1517 439 1604 ejus
463 1517 686 1583 occultatione
703 1517 886 1604 judicetur.
931 1517 1035 1584 Pecu·

35 1617 127 1680 niam
158 1615 284 1701 quippe
313 1617 349 1681 in
380 1614 515 1682 sudario
543 1615 649 1700 ligare
682 1626 732 1682 est
757 1628 917 1704 percepta
950 1617 1039 1682 dona

37 1713 97 1780 sub
123 1715 189 1779 otio
214 1713 298 1781 lenti
310 1716 453 1802 torporis
467 1713 682 1781 abscondere.
701 1713 743 1802 ¹)1
761 1716 806 1782 At
822 1729 950 1800 contra,
973 1719 1038 1783 iste

38 1837 112 1879 cum
138 1815 289 1899 regimen
317 1815 461 1901 appetit,
491 1814 658 1899 attendat,
689 1837 731 1881 ne
759 1839 820 1903 per
849 1816 1038 1903 exemplum

37 1915 136 2000 pravi
158 1915 270 2000 operis
292 1912 550 1979 Pharisaeorum
571 1935 661 1980 more
680 1914 724 1978 ad
741 1916 928 1999 ingressum
945 1915 1042 2000 regni
1124 1997 1126 2002 ³

37 2011 253 2078 tendentibus
275 2012 482 2079 obstaculum
504 2012 580 2094 fiat,
604 2014 662 2099 qui
679 2015 781 2100 juxta
804 2013 960 2098 Magistri
982 2036 1040 2079 vo-

39 2135 107 2176 cem
130 2133 192 2178 nec
213 2113 279 2196 ipsi
302 2113 439 2193 intrant,
461 2135 524 2178 nec
546 2113 631 2178 alios
647 2115 773 2178 intrare
791 2116 996 2199 permittunt.
1012 2111 1042 2200 ²)
1136 2191 1137 2196 γ

40 2211 104 2277 Oui
127 2209 407 2278 considerandum
437 2233 571 2298 quoque
600 2221 667 2295 est,
698 2215 777 2298 quia
810 2235 882 2276 cum
905 2233 1042 2276 causam

39 2309 156 2396 populi
189 2311 313 2376 electus
341 2311 481 2397 praesul
512 2311 668 2396 suscipit,
703 2313 800 2399 quasi
829 2311 873 2377 ad
901 2333 1044 2396 aegrum
1116 2329 1118 2334 ·

40 2409 191 2474 medicus
219 2409 357 2475 accedit.
413 2407 450 2474 Si
479 2433 559 2494 ergo
591 2409 702 2476 adhuc
729 2413 765 2476 in
794 2413 868 2500 ejus
890 2432 988 2499 opere
1012 2409 1042 2494 3)

41 2510 215 2596 passiones
237 2511 373 2592 vivunt,
397 2531 464 2596 qua
486 2512 733 2598 praesumtione
757 2533 951 2599 percussum
972 2531 1039 2572 me-

20 2673 23 2679 ,
43 2608 111 2672 deri
134 2619 311 2696 properat,
337 2609 450 2695 quiin
471 2607 557 2673 facie
580 2608 705 2676 vulnus
727 2611 866 2697 portat?

402 2807 599 2874 CAPUT
634 2810 676 2874 X.

101 2961 413 3030 qualisquisque
438 2963 477 3014 ad
502 2962 659 3029 regimen
689 2962 815 3014 venire
838 2962 977 3015 debeat.

103 3096 170 3161 ille
191 3097 311 3180 igitur,
338 3096 391 3162 ille
420 3097 525 3162 modis
555 3095 705 3164 omuibus
734 3097 834 3162 debet
861 3095 904 3162 ad
927 3114 1039 3174 exem-

43 3199 130 3283 plum
152 3196 289 3262 vivendi
309 3197 478 3284 pertrahi,
508 3199 566 3284 qui
588 3198 715 3263 cunctis
740 3198 851 3262 carnis
873 3197 1044 3282 passionis

44 3299 105 3362 bus
124 3295 283 3364 ,moriens
309 3298 380 3382 jam
416 3298 612 3384 spiritaliter
645 3298 751 3378 vivit,
788 3299 845 3381 qui
877 3317 1041 3384 prospera

43 3393 156 3462 mundi
175 3395 374 3482 postposuit,
397 3398 455 3488 qui
477 3394 570 3460 nulla
586 3396 730 3462 adversa
743 3395 956 3481 pertimescit,
981 3396 1041 3481 qui

46 3495 113 3560 sola
142 3496 277 3559 interna
299 3492 477 3564 desiderat.
520 3496 626 3584 Cujus
656 3496 831 3563 intentioni
853 3494 939 3560 bene
964 3517 1039 3561 con-

44 3649 329 3666 muana-n·

79 3724 101 3792 ¹)
120 3725 212 3777 Matth.
231 3723 279 3791 25,
299 3723 340 3779 18.
360 3753 393 3762 -
413 3723 436 3792 ²)
454 3726 547 3779 Metti.
567 3720 615 3794 23,
634 3725 676 3780 13.
697 3753 725 3762 -
748 3723 767 3788 ³)
786 3723 849 3776 Alit.
869 3736 985 3792 corpore.
