2486 4222
502 301 540 312 -
594 259 616 330 9
662 300 705 322 ,..,

98 427 202 492 riunt.
247 423 313 491 Sed
336 425 487 494 eamdam
513 447 637 515 aquam
664 426 807 518 pedibus
829 429 1030 516 perturba-rc
1047 441 1106 502 'est

98 535 241 591 sanctae
270 523 497 591 meditationis
524 525 636 592 studia
662 527 750 594 male
780 525 927 594 vivendo
957 545 1102 596 corrum-

97 646 191 710 pere.
232 623 366 712 Aquam
389 624 516 713 seilicet
537 647 652 691 eorum
672 625 842 695 turbatam
856 625 998 714 pedibus
1022 650 1102 695 oves

98 721 237 804 bibunt,
278 745 351 788 cum
381 715 525 809 subjecti
552 725 678 811 quique
704 747 769 798 non
797 735 970 792 sectantur
995 726 1102 794 verba

97 844 190 908 quae
214 822 365 905 andiunt,
392 820 451 888 sed
467 821 539 888 sola
563 843 650 910 qnae
673 825 883 912 conspiciunt
904 825 1061 914 exempla
1073 815 1100 912 ¹)

97 920 274 1006 pravitatis
287 921 470 987 imitantur.
501 919 662 1000 Quicum
674 921 765 988 dicta
784 923 919 1005 sitiunt,
941 925 1022 1011 quia
1039 945 1100 1011 per

95 1039 200 1105 opera
210 1029 459 1106 pervertuntur,
477 1021 575 1108 quasi
585 1022 750 1110 corruptis
760 1019 909 1087 lontibus
919 1023 956 1088 in
966 1021 1100 1112 potibus

96 1116 206 1184 lutum
230 1130 370 1188 sumunt
414 1119 504 1184 Hinc
518 1142 652 1208 quoque
675 1121 835 1208 scriptum
858 1129 909 1186 est
934 1144 995 1208 per
1018 1121 1098 1189 Pro·

96 1215 248 1302 phetam:
269 1217 465 1306 Laqueus
482 1216 509 1302 ²)
532 1220 679 1284 ruinae
701 1217 847 1306 populi
868 1220 947 1282 mei
964 1243 1096 1290 secere

96 1316 220 1384 dotes
242 1318 350 1384 mali.
372 1317 399 1404 3)
441 1317 530 1384 Hinc
551 1339 685 1384 rursum
707 1314 748 1380 de
772 1315 1004 1384 sacerdotibus
1027 1317 1096 1388 Do·

95 1415 207 1490 minus
228 1439 290 1504 per
315 1415 518 1504 Prophetam
547 1417 640 1484 dicit:
678 1415 800 1481 Facti
834 1426 929 1482 sunt
961 1417 1098 1486 domui

96 1514 236 1584 Israel
258 1517 301 1580 in
323 1515 631 1582 offendiculum
653 1515 909 1600 iniquitatis.
927 1511 957 1602 ιῑ)
992 1515 1097 1584 Nemo

96 1617 223 1702 quippe
252 1615 397 1702 amplius
420 1609 461 1680 'in
489 1613 643 1680 Ecclesia
667 1624 780 1696 nocet,
814 1636 915 1696 quam
939 1617 999 1702 qui
1020 1641 1096 1703 per·

94 1735 192 1779 verse
216 1735 339 1798 agens,
368 1733 490 1779 nomen
518 1714 574 1778 vel
597 1711 748 1778 ordinem
771 1715 959 1780 sanctitatis
983 1713 1095 1782 habet.

94 1813 359 1900 Delinquentem
381 1834 526 1900 namque
547 1811 637 1878 hune
645 1810 851 1896 redarguere
868 1813 983 1880 nullus
996 1839 1094 1902 prae-

93 1913 212 1996 sumit;
236 1920 269 1975 et
289 1912 327 1978 in
341 1911 534 1999 exemplum
547 1911 647 1997 culpa
664 1910 879 1978 vehementer
892 1914 1100 1998 extenditur,

93 2009 232 2100 quaudo
260 2035 319 2100 pro
345 2013 539 2078 reverentia
569 2012 695 2078 ordinis
724 2021 880 2098 peccator
901 2011 1095 2080 honoratur.

92 2111 233 2196 Indigni
254 2118 366 2176 autem
390 2112 514 2199 quique
536 2111 624 2177 tanti
637 2119 752 2176 reatus
764 2110 913 2197 pondere
926 2111 1095 2196 fugerent,
1218 2197 1224 2206 ·

93 2211 125 2275 si
144 2211 307 2276 Veritatis
336 2211 536 2276 sententiam
567 2209 707 2278 sollicite
735 2206 846 2274 cordis
867 2229 949 2273 aure
972 2231 1094 2297 pensu·

92 2319 188 2392 rent,
221 2333 307 2398 quae
336 2311 398 2378 ait:
440 2309 521 2390 Qui
554 2305 933 2375 scandalizaverit
971 2331 1096 2375 unum

94 2411 142 2476 de
165 2409 340 2494 pusillis
362 2411 481 2493 istis,
512 2409 581 2497 qui
608 2409 652 2473 in
673 2429 734 2472 me
755 2406 948 2491 credunt,
972 2430 1093 2494 expe·

94 2511 157 2576 dit
194 2509 250 2591 ei,
287 2519 331 2575 ut
366 2510 653 2596 suspendatur
684 2505 791 2572 mola
823 2507 1023 2572 asinaria
1050 2508 1093 2572 in

93 2609 205 2678 collo
238 2611 350 2697 ejus,
386 2618 426 2674 ot
455 2609 732 2692 demergatur
762 2606 805 2670 in
834 2604 1093 2692 profundum

92 2709 281 2795 marini)
323 2709 389 2773 Per
416 2708 537 2776 molam
568 2707 692 2795 quippe
721 2704 902 2772 asinariam
933 2705 1093 2773 secularis

92 2812 185 2877 vitae
207 2811 366 2876 circuitus
387 2831 427 2875 ac
447 2807 544 2874 labor
565 2805 780 2894 exprimitur,
812 2818 846 2870 et
872 2827 933 2893 per
952 2805 1101 2893 prosum

93 2911 174 2978 dum
194 2911 297 2978 maris
319 2917 469 2974 extrema
494 2905 663 2972 damnatio
685 2905 894 2990 designatur.
927 2902 996 2984 Qui
1011 2927 1091 2992 ergo

92 3010 138 3076 ad
168 3009 355 3076 sanctitatis
382 3007 526 3095 speciem
556 3002 720 3070 deductus
745 3003 800 3070 vel
830 3002 931 3070 verbo
964 3015 1092 3071 ceteros

92 3108 254 3189 destruit,
284 3107 340 3174 vel
370 3105 538 3193 exemplo,
567 3103 687 3170 melius
716 3102 863 3192 profecto
889 3102 1019 3186 fuerat,
1052 3115 1090 3168 ut

91 3209 184 3276 hunc
205 3207 249 3273 ad
276 3215 413 3272 mortem
440 3206 503 3272 sub
525 3201 686 3270 exteriori
705 3200 826 3268 habitu
852 3213 987 3268 terrena
1014 3209 1090 3268 acta

91 3309 378 3393 constringerent,
412 3325 513 3392 qnam
535 3326 632 3370 sacra
653 3301 762 3370 officia
783 3301 818 3366 in
847 3300 946 3390 culpa
969 3302 1089 3366 ceteris

92 3407 290 3478 imitabilem
321 3405 601 3472 demonstrarent:
643 3404 724 3489 quia
755 3401 911 3466 nimirum
944 3400 972 3465 si
1002 3400 1089 3467 solus

132 3637 158 3706 ¹)
184 3636 249 3690 Alit.
266 3649 352 3704 opere.
370 3664 403 3674 -
429 3634 449 3700 ²)
468 3634 532 3688 Alit.
548 3648 638 3689 eausa.
656 3661 689 3673 -
714 3630 734 3698 Ι)
754 3630 822 3686 Osee
840 3630 869 3698 5,
889 3630 914 3685 1.
926 3633 951 3684 et
968 3629 991 3698 9,
1010 3629 1035 3683 8.
1055 3659 1102 3700 ·-‚

177 3721 382 3791 ⁴)Ezceh.44,
400 3721 441 3778 12.
460 3750 492 3761 —
512 3719 535 3789 ⁵)
554 3722 647 3792 matth.
666 3718 711 3790 18,
729 3719 788 3866 til
808 3802 845 3842 a
