2486 4222
497 264 701 336 ..ps-

91 437 148 498 nt
166 437 208 498 te
227 430 280 496 ‘od
300 433 611 520 poenitentiam
632 440 929 522 provenerant.
945 431 972 520 ¹)
1015 436 1103 505 Prot

94 528 223 620 phetae
236 531 361 618 qnippe
372 532 408 596 in
430 550 527 597 sacro
539 529 677 620 eloquio
692 531 1098 620 nonnunquamdootores

94 637 272 712 vocantur,
295 629 353 715 qni
369 628 447 695 dnm
465 627 614 714 fugitiva
636 630 916 716 ensspraesontia
936 632 1095 720 indionnt,

96 749 187 817 quoe
199 737 277 794 sent
290 737 447 810 ventura,
470 727 695 796 manifestant
732 727 827 809 Quos
840 730 975 799 divinus
987 755 1095 802 sermo

93 826 186 894 falsa
215 825 329 892 videro
349 825 539 912 rader-,guin
570 827 650 914 quia
684 827 761 904 dnm
778 829 948 916 norripere
978 832 1095 921 oulpns

94 935 260 1009 metuunt,
271 928 442 993 ineassum
451 924 901 1015 delinquentibuspromisss
912 930 1094 1000 securitate

95 1024 336 1092 blandiuntur:
359 1025 416 1111 qui
426 1025 640 1111 iniquitatem
652 1028 863 1113 poenantium
876 1047 1094 1119 nequequam

93 1125 272 1211 aperiunt,
306 1125 386 1210 quia
407 1122 451 1188 nb
482 1123 723 1211 increpationis
744 1145 827 1190 νοω
853 1129 1094 1198 oontioesennt.

95 1221 213 1289 Clanis
243 1221 369 1309 quippe
404 1222 587 1308 apertionis
627 1233 678 1287 est
712 1243 820 1289 sermo
856 1229 1093 1313 correptionis,

94 1323 179 1410 quia
199 1320 403 1407 inerepando
417 1317 444 1408 ²)
467 1320 602 1408 eulpam
624 1320 763 1408 detegit,
787 1343 888 1410 quam
910 1345 1012 1414 saepe
1034 1349 1094 1394 ne·

95 1421 160 1486 snit
181 1422 252 1507 ipse
275 1421 394 1512 etiam,
423 1421 483 1506 qui
504 1423 722 1507 perpetravit
766 1422 854 1488 Hine
875 1423 1004 1491 Paulus
1026 1427 1093 1492 nit:
1212 1467 1215 1475 .

96 1521 153 1586 Ut
173 1529 332 1606 potens
355 1519 411 1583 sit
431 1519 658 1584 exhortari
678 1521 721 1587 in
744 1521 955 1589 doctrina
977 1547 1091 1607 saun,

93 1629 140 1685 et
163 1640 255 1700 eos,
287 1619 359 1704 qui
381 1618 697 1703 contradicunt,
720 1642 918 1705 arguere.
935 1621 961 1709 3)
1004 1624 1093 1692 Hine

93 1739 157 1806 per
178 1717 382 1784 Malachiam
411 1717 550 1782 dieitur:
575 1715 714 1782 Labin
742 1718 999 1788 sacerdotis
1026 1743 1092 1788 on·

43 1803 56 1816 ⁸
96 1817 309 1882 stodiunt
339 1817 582 1898 scientiam,
618 1826 659 1882 et
688 1816 828 1903 legem
860 1823 1093 1906 requirent

95 1939 145 1982 ex
166 1939 235 1982 ore
266 1918 381 2004 eJus,
413 1915 516 2002 quia
545 1915 743 2000 Angelus
770 1917 943 1985 Domini
964 1941 1090 1985 exer·

93 2017 250 2082 oituum
273 2012 385 2100 esti)
427 2015 585 2101 Hineper
600 2015 727 2080 isaiam
738 2015 902 2084 Dominus
924 2019 1090 2102 admonet,

92 2116 226 2182 dicens:
262 2114 425 2197 Clamo,
459 2135 509 2180 ne
538 2135 699 2196 cesses,
730 2117 863 2200 quasi
889 2117 999 2181 tuba
1021 2141 1089 2184 ox·

93 2216 183 2282 alta
205 2237 346 2282 voeom
375 2211 538 2298 tuomst)
583 2213 764 2280 Praeconis
794 2215 919 2301 quippe
946 2215 1091 2282 officium

92 2316 252 2402 suscipit,
282 2315 438 2401 quisquis
465 2311 510 2376 ad
541 2312 762 2378 sacerdotium
784 2312 930 2392 secedit,
952 2323 990 2382 ut
1011 2325 1089 2380 ante

91 2413 276 2480 adventum
295 2413 431 2500 judicis,
456 2413 514 2500 qui
531 2411 727 2478 terribiliter
748 2415 910 2498 sequitur,
932 2415 1003 2501 ipse
1027 2415 1088 2482 soi·

92 2511 173 2578 lieet
193 2512 367 2579 clamando
390 2513 574 2599 gradiatur.
619 2511 783 2578 Sacerdos
798 2535 879 2598 ergo
904 2515 933 2580 si
954 2513 1087 2599 praedi·

90 2613 233 2678 nationis
255 2624 306 2680 est
327 2615 478 2695 roseius,
509 2634 610 2700 quam
632 2612 789 2680 clamoris
811 2632 925 2678 vocem
945 2611 1087 2680 daturus

89 2723 144 2780 est
161 2733 286 2800 praeeo
307 2713 441 2778 mutus?
474 2711 564 2778 Hine
584 2721 635 2777 est
656 2714 766 2794 enim,
790 2709 879 2798 quod
899 2734 1002 2799 super
1022 2713 1086 2780 Ps-

91 2825 201 2882 stores
222 2813 346 2900 primos
369 2813 403 2876 iu
433 2812 624 2897 linguarum
646 2813 757 2900 speeie
782 2810 927 2899 Spiritus
949 2823 1085 2880 sanetus

89 2911 229 2995 insedit,
243 2914 270 2999 ⁰)
294 2912 555 3000 quianimirum,
578 2934 663 2999 quos
671 2911 866 3000 repleverit,
889 2912 930 2977 de
953 2935 989 2978 se
1009 2935 1086 3000 pro·

90 3015 186 3081 tinus
207 3011 383 3099 loquentes
406 3012 497 3082 fauit.
510 3013 536 3098 i)
574 3011 663 3076 Hine
677 3010 785 3099 Moysi
806 3011 1026 3100 praecipitur,
1050 3020 1087 3076 ut

87 3112 348 3181 tubernaculum
370 3111 525 3179 sacerdos
546 3111 738 3196 ingrediens
753 3111 995 3178 tintinnabulis
1017 3133 1084 3176 am·

126 3293 145 3356 ¹)
163 3292 257 3344 Thren.
275 3293 300 3359 2,
320 3291 419 3346 sts-
446 3290 469 3359 ²)
489 3289 554 3342 Alit.
571 3289 722 3358 increpatio.
749 3320 780 3328 -
814 3289 834 3352 ³)
853 3289 901 3342 Tit.
921 3288 944 3355 1,
962 3290 987 3342 9.
1006 3318 1038 3328 -
1064 3286 1085 3353 ⁸)

166 3378 272 3430 Malaoh
290 3381 315 3445 2,
335 3381 359 3431 7.
378 3407 411 3418 -υ
430 3368 592 3441 ⁵t1sai.58',
610 3377 635 3428 1.
654 3403 685 3414 ·-
705 3374 725 3440 ⁵)
743 3379 802 3430 Aet
820 3378 844 3442 2,
863 3374 888 3430 3.

116 3462 142 3531 ⁷)
160 3463 228 3531 „Per
244 3465 329 3531 ignom
347 3465 449 3533 quidem
468 3463 594 3516 Dominus
620 3463 759 3530 apperuit,
782 3463 829 3516 ssi
845 3477 890 3530 per
915 3462 1084 3530 ”metipsum

159 3549 315 3603 locutionem
323 3550 431 3604 interius
439 3548 508 3602 fouit
533 3547 826 3616 EtneqnnignisDeus,
838 3546 1084 3616 noqueillsseuitus

157 3635 219 3698 snit,
236 3637 282 3690 soi
299 3651 347 3704 por
363 3637 421 3703 hoo,
439 3636 507 3704 quud
520 3635 635 3692 euterius
650 3632 776 3700 uminis,
794 3634 926 3702 expressit
941 3633 1084 3703 hotrslmd

158 3722 269 3776 interius
286 3722 377 3790 gestit
413 3721 483 3790 Quin
499 3723 567 3777 enim
586 3718 730 3791 discipulas
754 3723 779 3774 ot
802 3720 859 3773 nolo
878 3733 1033 3784 suanenses,
1059 3725 1085 3773 et
