2486 4222
405 155 714 278 ‚nw—

98 379 281 466 jectanter
301 397 386 462 erga
408 375 561 442 subditos
584 399 619 443 ee
642 381 793 465 erigunt,
821 399 885 445 neo
906 378 989 468 quid
1010 399 1116 464 agere

105 475 271 557 debeant,
295 473 352 540 sed
374 473 455 561 quid
477 474 627 558 valeant,
651 467 839 544 attendunt:
862 476 910 542 nil
930 479 971 544 de
994 475 1113 544 tubea-

108 575 230 661 quenti
258 575 388 662 jndicio
416 585 586 656 metuunt,
616 574 769 662 improbe
790 577 831 642 de
853 576 1030 664 temporali
1051 596 1113 663 po·

106 683 235 740 tentate
258 674 459 771 gloriantur,
481 671 564 738 libet
581 673 770 741 utlieenter
786 683 820 742 et
840 673 1110 759 illicitafaeiant,

109 783 148 838 et
170 773 377 838 subditorum
390 795 485 838 nemo
503 773 717 839 contradicat.
763 773 832 854 Qui
846 797 927 860 ergo
950 785 984 842 et
1004 795 1114 862 prava

110 871 226 938 studet
248 893 359 958 agere,
384 881 418 936 et
438 883 550 938 tamen
566 872 708 940 adhaec
729 873 803 940 vult
819 875 972 942 caeterea
985 884 1110 957 tacere,

110 973 187 1058 ipse
209 972 343 1036 sibimet
364 973 459 1038 testie
482 982 548 1054 eet,
577 973 657 1058 quia
679 973 756 1058 plns
782 975 925 1039 veritate
949 997 984 1040 ee
1007 995 1110 1060 appe·

110 1075 156 1136 tit
177 1070 288 1155 diligi,
311 1093 411 1157 quam
432 1081 548 1138 eontra
577 1093 612 1137 ee
633 1095 700 1138 non
723 1071 797 1138 vult
818 1071 960 1138 defendi.
1005 1071 1109 1138 Nemo

111 1172 239 1258 quippe
261 1179 321 1252 eet,
346 1171 405 1258 qui
427 1172 475 1235 ite
494 1173 596 1254 vivat,
618 1181 656 1236 ut
677 1171 892 1259 aliquatenus
914 1193 981 1237 non
1004 1169 1111 1234 delin-

111 1281 205 1358 quat.
249 1269 311 1336 Ille
334 1293 414 1355 ergo
439 1293 473 1334 ee
497 1271 569 1357 ipso
592 1271 736 1358 emplius
747 1271 921 1338 veritatem
941 1269 1112 1336 derideret

111 1371 230 1454 amari,
257 1372 314 1457 qui
338 1370 402 1436 eibi
424 1393 444 1433 a
466 1370 562 1438 nullo
585 1370 657 1437 vult
669 1378 785 1436 contra
807 1371 983 1435 veritatem
1005 1371 1108 1454 parci.

109 1470 201 1536 Hinc
229 1471 350 1536 etenim
380 1470 501 1537 Petrus
537 1471 801 1557 increpationem
828 1469 929 1534 Pauli
964 1467 1109 1534 libenter

112 1571 255 1657 accepit,
273 1571 297 1654 ¹)
320 1569 398 1636 hinc
411 1569 526 1636 David
544 1571 789 1656 eorreptionem
804 1567 929 1634 subditi
939 1567 1109 1634 humiliter

111 1669 256 1752 audivit,
273 1669 298 1754 ²)
322 1671 401 1756 quia
422 1680 569 1736 rectores
591 1670 687 1750 boni,
711 1668 788 1733 dum
809 1670 942 1755 privato
964 1667 1108 1753 diligere

111 1792 222 1835 amore
246 1793 281 1835 se
302 1771 473 1852 nesciunt,
498 1768 625 1834 liberae
647 1769 807 1856 puritatis
828 1766 966 1834 verbum
987 1791 1008 1834 a
1029 1763 1109 1832 eub-

110 1871 195 1936 ditie
216 1868 412 1956 obsequium
426 1868 621 1935 humilitatis
638 1866 789 1936 credunt.
834 1867 900 1934 Sed
917 1869 1004 1934 inter
1025 1865 1110 1931 haec

111 1991 251 2035 neeesse
278 1981 345 2053 eet,
374 1979 410 2034 ut
439 1989 518 2034 cura
551 1969 723 2053 regiminis
751 1976 847 2034 tanta
875 1965 1109 2034 moderaminis

110 2077 184 2134 arte
212 2076 432 2154 temperetur,
463 2077 629 2154 quotenne
658 2066 866 2132 subditorum
893 2085 1005 2147 mene,
1036 2085 1110 2130 enm

112 2167 279 2253 quaedam
300 2177 389 2233 recto
412 2168 534 2233 sentire
555 2165 711 2252 potuerit,
736 2166 784 2228 eic
805 2168 840 2230 in
864 2166 956 2230 vooie
975 2162 1109 2230 liberta-

112 2276 182 2332 tem
209 2269 363 2357 prodeat,
394 2278 433 2332 ut
458 2275 570 2332 tamen
598 2263 737 2330 libertas
763 2267 798 2330 in
826 2262 1017 2353 superbiam
1040 2283 1110 2330 non

113 2377 280 2453 erumpat,
303 2390 346 2434 ne
368 2367 445 2432 dum
466 2366 609 2432 fortasse
632 2365 878 2434 immoderatius
901 2363 1039 2450 linguae
1061 2362 1110 2428 eie

111 2465 251 2532 libertae
273 2467 474 2550 conceditur,
497 2467 587 2532 vitae
605 2465 649 2532 ab
663 2466 715 2532 hie
738 2465 906 2534 humilitas
928 2467 1112 2531 amittetur.

113 2565 294 2632 Sciendum
316 2589 448 2654 quoque
471 2573 540 2650 esti,
565 2566 654 2654 quod
667 2567 693 2652 3)
716 2574 882 2654 oporteat,
904 2573 942 2629 ut
963 2571 1109 2628 rectores

110 2667 195 2732 boni
215 2665 348 2752 placere·
367 2665 556 2732 bominibus
579 2676 751 2752 appetant,
774 2664 833 2730 eed
847 2665 986 2730 ut'suee
1009 2663 1110 2728 aesti-

110 2765 270 2832 mationis
303 2765 478 2832 dulcedine
511 2767 679 2852 proximos
710 2767 744 2830 in
773 2763 926 2830 affectum
957 2763 1109 2829 veritat-ie

110 2865 269 2950 trabant,
296 2888 363 2932 non
383 2875 422 2932 nt
444 2889 479 2931 ee
506 2866 612 2932 amari
633 2863 839 2944 desiderent,
870 2861 932 2929 eed
952 2872 990 2928 ut
1012 2861 1110 2928 dilee-

110 2968 237 3033 tionem
267 2988 360 3032 suam
399 2968 498 3052 quasi
540 2961 709 3052 quandam
743 2963 832 3028 viam
863 2961 1009 3046 faeiant,
1046 2985 1109 3048 per

113 3086 214 3155 qnam
242 3067 343 3132 corda
369 3066 576 3132 audientiam
606 3064 650 3130 ad
679 3085 824 3130 amorem
845 3061 1036 3129 Conditorie
1057 3063 1108 3128 in·

111 3163 299 3236 traducant.
343 3166 490 3234 Difficile
514 3167 637 3253 quippe
660 3174 726 3248 eet,
753 3174 790 3230 ut
812 3161 996 3249 quamlibet
1017 3168 1110 3228 recte

110 3269 315 3336 denuntians
337 3267 563 3357 praedicator,
595 3266 740 3353 quinon
762 3262 935 3347 diligitur,
964 3257 1108 3326 libenter

111 3370 281 3438 audiatur.
324 3369 438 3434 Debet
465 3389 565 3454 ongo,
597 3369 657 3455 qni
677 3372 829 3454 praeeat,
857 3369 891 3426 et
909 3356 1047 3426 studere
1071 3379 1109 3422 ne

113 3469 231 3554 diligi,
268 3476 435 3556 qnatenus
464 3468 571 3556 possit
600 3464 728 3548 audiri,
759 3470 932 3528 ettamen
959 3475 1112 3526 amonem

121 3605 413 3616 --—---——-.-=

149 3674 173 3743 ¹)
190 3673 277 3740 (iulet
296 3673 321 3741 2,
340 3673 382 3728 1¹1.
400 3701 434 3714 ·-
452 3671 474 3740 ¹)
491 3674 517 3728 2.
534 3665 599 3742 iod.
618 3669 659 3740 ta,
678 3669 701 3726 t.
719 3695 754 3714 ·-
772 3665 796 3733 ι)
811 3665 946 3719 autnon
962 3666 1070 3734 oportet.
