2468 4218
491 255 697 320 ..79-

81 427 146 494 dia
166 424 338 506 nesciunt,
370 446 412 490 ex
434 423 622 510 praesentis
651 425 742 490 vitae
771 423 983 510 abundantia
1008 447 1084 492 con·

14 579 21 587 .
88 523 251 594 solantur.
297 520 479 590 Offerenda
509 532 559 587 est
588 543 669 606 ergo
692 525 740 589 eis
768 523 967 605 consolatio,
1003 546 1085 610 quos

84 625 238 690 caminus
261 623 483 710 pauperitatis
506 621 679 708 excoquit3
714 632 814 710 atque
840 623 906 688 illis
938 622 1084 688 inferen-

11 779 13 786 t
88 725 152 790 dus
172 734 223 788 est
243 725 356 805 timor,
382 744 463 809 qnos
482 721 665 788 consolatio
681 719 807 804 gloriae
825 721 1014 810 temporalis
1026 744 1083 786 ex·

86 823 188 907 tollit;
222 831 259 888 ut
287 831 320 887 et
345 819 398 886 illi
428 820 575 902 discant,
610 821 690 906 quia
718 821 868 904 divitias,
904 843 988 910 quas
1017 845 1084 890 ncn

84 923 316 1010 conspiciunt,
339 919 526 1007 possident3
550 931 583 984 et
604 920 662 984 isti
679 907 894 1004 cognoscant,
919 923 1083 1008 quiesse,

89 1047 174 1110 quas
196 1022 420 1108 conspiciunt,
445 1041 660 1106 nequaquam
679 1029 793 1086 tencre
814 1031 962 1107 possunt.
1007 1019 1083 1084 Ple-

85 1144 230 1208 rumque
251 1131 362 1186 tamen
385 1141 604 1206 personarum
636 1120 783 1184 ordinem
804 1129 972 1206 permutat
1002 1141 1083 1205 qua-

84 1219 164 1286 litas
184 1243 330 1302 morum,
353 1226 391 1284 ut
415 1219 459 1283 sit
474 1217 567 1284 dives
579 1217 733 1301 humilis,
757 1221 800 1284 sit
815 1241 945 1307 pauper
964 1217 1082 1284 elatus.

87 1319 187 1386 Unde
210 1342 288 1386 mox
310 1317 536 1406 praedicantis
558 1316 676 1402 lingua
698 1341 772 1383 eum
793 1318 960 1384 audientis
983 1317 1084 1382 debet

85 1421 157 1488 vita
179 1419 344 1505 componi3
367 1427 403 1482 ut
425 1425 518 1482 tanto
540 1417 722 1483 districtius
743 1420 778 1483 in
799 1441 949 1505 paupere
967 1417 1083 1483 elatio-

85 1540 163 1583 nem
185 1517 302 1598 feriat,
336 1526 460 1603 quanto
485 1538 557 1581 eam
580 1539 640 1582 nec
661 1515 755 1582 illata
785 1528 968 1606 paupertas
989 1517 1083 1583 ineli-

81 1629 165 1699 nat,
200 1626 233 1680 et
259 1625 351 1682 tanto
382 1615 491 1681 lenius
517 1614 735 1681 humilitatem
765 1617 906 1684 divitum
927 1617 1083 1700 mulceat,

86 1727 212 1803 quanto
236 1738 292 1780 eos
314 1738 376 1779 nec
395 1713 620 1798 abundantia,
645 1738 733 1802 quae
753 1718 921 1799 sublevat,
945 1717 1083 1782 exaltat.

149 1817 398 1902 Nonnunquam
419 1823 531 1879 tamen
555 1816 654 1884 etiam
673 1815 835 1903 superbus
854 1816 947 1882 dives
964 1815 1083 1881 exhor·

82 1916 222 1982 tationis
244 1913 473 1978 blandimento
495 1913 679 2078 pqqcandus
698 1927 767 1998 est,
791 1917 872 2004 quia
888 1927 921 1980 et
938 1915 1083 2003 plerum·

84 2037 154 2105 que
177 2012 262 2080 dura
285 2013 427 2080 vulnera
448 2037 509 2101 per
551 2013 628 2078 enia
648 2013 795 2081 fomenta
816 2015 1027 2094 mollescunt,
1052 2024 1085 2080 et

79 2117 178 2182 furor
200 2115 392 2178 insanorum
417 2135 516 2199 saepe
535 2112 578 2178 ad
594 2113 733 2179 salutem
743 2114 870 2180 medico
888 2112 1084 2179 blandiente

82 2214 271 2296 reducitur,
304 2234 445 2298 cumque
469 2213 516 2277 eis
538 2214 573 2278 in
595 2213 769 2280 dulcedine
791 2211 1084 2294 condescenditur,

81 2314 227 2398 languor
250 2313 401 2378 insaniae
424 2313 604 2396 mitigatur.
637 2313 755 2400 Neque
776 2315 862 2379 enim
877 2311 1086 2398 negligenter

82 2411 281 2478 intuendum
306 2423 373 2494 est,
399 2411 582 2498 quodcum
605 2411 737 2479 Saulem
760 2415 898 2501 spiritus
920 2411 1083 2478 adversus

85 2511 279 2592 invaderet,
303 2509 515 2597 apprehensa
536 2511 649 2578 David
671 2512 800 2579 cithara
821 2515 895 2600 ejus
910 2513 1084 2577 vesaniam

84 2609 233 2676 sedabat.
262 2611 287 2696 ²)
333 2607 424 2689 Quid
448 2611 533 2676 enim
554 2636 615 2699 per
638 2612 791 2696 Saulem,
813 2615 879 2678 nisi
902 2611 1002 2676 elatio
1022 2633 1082 2699 po·

82 2719 229 2794 tentum,
261 2719 294 2775 et
321 2708 402 2796 quid
428 2733 488 2797 per
511 2711 628 2778 David
650 2715 817 2796 innuitur,
851 2713 919 2778 nisi
949 2709 1082 2776 humilis
1138 2779 1139 2784 η

80 2810 155 2875 vita
178 2807 397 2874 Sanctorum?
437 2809 520 2874 (lum
543 2835 622 2898 ergo
646 2811 728 2878 Saul
758 2812 801 2879 ab
823 2809 992 2877 immundo
1016 2811 1082 2900 spi-

79 2911 151 2975 ritu
173 2907 353 2995 arripitur,
388 2907 501 2975 David
523 2923 664 2978 canente
692 2915 766 3001 ejus
796 2913 935 2978 vesania
957 2921 1083 2999 tempe·
1138 2902 1141 2910 ¹

81 3017 194 3090 ratur,
229 3008 308 3094 quia
331 3031 404 3074 cum
426 3031 545 3076 sensus
566 3019 739 3098 potentum
767 3035 827 3098 per
849 3012 1025 3078 elationem
1048 3010 1084 3076 in

81 3107 229 3174 furorem
252 3108 410 3190 vertitur,
437 3109 575 3195 dignum
598 3120 667 3194 est,
700 3119 737 3176 ut
758 3109 802 3176 ad
826 3111 969 3177 salntem
991 3131 1082 3176 men·

80 3207 127 3270 tis
152 3207 250 3292 quasi
271 3205 444 3274 dulcedine
466 3207 615 3276 citharae
637 3210 815 3276 locutionis
837 3219 971 3276 nostrae
990 3219 1081 3275 tran·

80 3301 252 3392 quillitate
285 3317 467 3374 revocetur.
513 3307 707 3396 Aliquando
735 3319 846 3375 autem
873 3332 947 3376 cum
981 3309 1082 3398 hujus

81 3402 191 3468 seculi
213 3414 369 3490 potentes
396 3417 598 3494 arguuntur,
631 3411 727 3497 prius
755 3431 816 3495 per
844 3408 1007 3496 quasdam
1038 3410 1081 3476 si·

10 3535 15 3546 ·
80 3499 287 3572 militudines
309 3505 405 3573 velut
426 3507 467 3572 de
489 3507 600 3575 alieno
621 3511 755 3595 negotio
770 3505 972 3595 requirendi
989 3519 1082 3590 sunt,

118 3733 139 3794 ⁸)
157 3732 182 3786 t.
200 3701 265 3802 aafg.
286 3733 335 3803 18,
355 3737 397 3792 10.
