<?xml version="1.0" encoding="UTF-8"?>
<!DOCTYPE html PUBLIC "-//W3C//DTD XHTML 1.0 Transitional//EN"
    "http://www.w3.org/TR/xhtml1/DTD/xhtml1-transitional.dtd">
<html xmlns="http://www.w3.org/1999/xhtml" xml:lang="en" lang="en">
 <head>
  <title>
</title>
<meta http-equiv="Content-Type" content="text/html;charset=utf-8" />
  <meta name='ocr-system' content='tesseract 3.04.00' />
  <meta name='ocr-capabilities' content='ocr_page ocr_carea ocr_par ocr_line ocrx_word'/>
</head>
<body>
  <div class='ocr_page' id='page_1' title='image "./depastoralicura00greggoog_0075.png"; bbox 0 0 2486 4222; ppageno 0'>
   <div class='ocr_carea' id='block_1_1' title="bbox 543 261 747 327">
    <p class='ocr_par' dir='ltr' id='par_1_1' title="bbox 543 261 747 327">
     <span class='ocr_line' id='line_1_1' title="bbox 543 261 747 327; baseline -0.01 -17"><span class='ocrx_word' id='word_1_1' title='bbox 543 261 747 327; x_wconf 61' lang='lat'>..52-</span> 
     </span>
    </p>
   </div>
   <div class='ocr_carea' id='block_1_2' title="bbox 149 421 1156 1812">
    <p class='ocr_par' dir='ltr' id='par_1_2' title="bbox 149 421 1156 1812">
     <span class='ocr_line' id='line_1_2' title="bbox 154 421 1156 517; baseline -0.013 -22"><span class='ocrx_word' id='word_1_2' title='bbox 154 452 199 495; x_wconf 89' lang='lat' dir='ltr'>se</span> <span class='ocrx_word' id='word_1_3' title='bbox 222 432 412 517; x_wconf 84' lang='lat' dir='ltr'>negotiis</span> <span class='ocrx_word' id='word_1_4' title='bbox 435 427 726 509; x_wconf 85' lang='lat' dir='ltr'>secularibus,</span> <span class='ocrx_word' id='word_1_5' title='bbox 750 436 795 490; x_wconf 90' lang='lat' dir='ltr'>nt</span> <span class='ocrx_word' id='word_1_6' title='bbox 817 426 852 487; x_wconf 91' lang='lat' dir='ltr'>ei</span> <span class='ocrx_word' id='word_1_7' title='bbox 873 423 1060 511; x_wconf 85' lang='lat' dir='ltr'>placeat,</span> <span class='ocrx_word' id='word_1_8' title='bbox 1080 421 1156 498; x_wconf 83' lang='lat' dir='ltr'>cui</span> 
     </span>
     <span class='ocr_line' id='line_1_3' title="bbox 155 524 1153 618; baseline -0.013 -22"><span class='ocrx_word' id='word_1_9' title='bbox 155 552 198 597; x_wconf 86' lang='lat' dir='ltr'>se</span> <span class='ocrx_word' id='word_1_10' title='bbox 220 529 426 618; x_wconf 85' lang='lat' dir='ltr'>probavit.</span> <span class='ocrx_word' id='word_1_11' title='bbox 443 527 468 610; x_wconf 90' lang='lat'>¹)</span> <span class='ocrx_word' id='word_1_12' title='bbox 509 527 598 594; x_wconf 89' lang='lat' dir='ltr'>Hinc</span> <span class='ocrx_word' id='word_1_13' title='bbox 618 525 792 592; x_wconf 78' lang='lat' dir='ltr'>Ecclesiae</span> <span class='ocrx_word' id='word_1_14' title='bbox 820 524 1007 591; x_wconf 88' lang='lat' dir='ltr'>rectoribus</span> <span class='ocrx_word' id='word_1_15' title='bbox 1035 531 1069 586; x_wconf 85' lang='lat' dir='ltr'>et</span> <span class='ocrx_word' id='word_1_16' title='bbox 1089 535 1153 586; x_wconf 75' lang='lat' dir='ltr'>ra-</span> 
     </span>
     <span class='ocr_line' id='line_1_4' title="bbox 153 621 1152 715; baseline -0.009 -21"><span class='ocrx_word' id='word_1_17' title='bbox 153 631 254 696; x_wconf 84' lang='lat' dir='ltr'>candi</span> <span class='ocrx_word' id='word_1_18' title='bbox 277 621 386 696; x_wconf 88' lang='lat' dir='ltr'>studia</span> <span class='ocrx_word' id='word_1_19' title='bbox 400 629 575 715; x_wconf 86' lang='lat' dir='ltr'>praecipit,</span> <span class='ocrx_word' id='word_1_20' title='bbox 589 637 631 694; x_wconf 84' lang='lat' dir='ltr'>,et</span> <span class='ocrx_word' id='word_1_21' title='bbox 649 625 846 692; x_wconf 88' lang='lat' dir='ltr'>consulendi</span> <span class='ocrx_word' id='word_1_22' title='bbox 868 622 1017 690; x_wconf 86' lang='lat' dir='ltr'>remedia</span> <span class='ocrx_word' id='word_1_23' title='bbox 1039 628 1152 687; x_wconf 88' lang='lat' dir='ltr'>osten·</span> 
     </span>
     <span class='ocr_line' id='line_1_5' title="bbox 154 721 1153 813; baseline -0.006 -18"><span class='ocrx_word' id='word_1_24' title='bbox 154 731 221 813; x_wconf 85' lang='lat' dir='ltr'>dit,</span> <span class='ocrx_word' id='word_1_25' title='bbox 244 729 376 794; x_wconf 85' lang='lat' dir='ltr'>dicens:</span> <span class='ocrx_word' id='word_1_26' title='bbox 406 727 630 792; x_wconf 83' lang='lat' dir='ltr'>Secularia</span> <span class='ocrx_word' id='word_1_27' title='bbox 660 728 797 810; x_wconf 84' lang='lat' dir='ltr'>igitur</span> <span class='ocrx_word' id='word_1_28' title='bbox 820 723 994 810; x_wconf 81' lang='lat' dir='ltr'>judicia</span> <span class='ocrx_word' id='word_1_29' title='bbox 1024 723 1059 788; x_wconf 92' lang='lat' dir='ltr'>si</span> <span class='ocrx_word' id='word_1_30' title='bbox 1084 721 1153 789; x_wconf 86' lang='lat' dir='ltr'>ha·</span> 
     </span>
     <span class='ocr_line' id='line_1_6' title="bbox 153 822 1150 911; baseline -0.005 -18"><span class='ocrx_word' id='word_1_31' title='bbox 153 829 355 910; x_wconf 90' lang='lat' dir='ltr'>bueritis,</span> <span class='ocrx_word' id='word_1_32' title='bbox 385 825 702 894; x_wconf 76' lang='lat' dir='ltr'>contemtibiles</span> <span class='ocrx_word' id='word_1_33' title='bbox 733 827 803 911; x_wconf 92' lang='lat' dir='ltr'>qui</span> <span class='ocrx_word' id='word_1_34' title='bbox 825 825 989 890; x_wconf 87' lang='lat' dir='ltr'>suntin</span> <span class='ocrx_word' id='word_1_35' title='bbox 1009 822 1150 888; x_wconf 86' lang='lat' dir='ltr'>Eccle-</span> 
     </span>
     <span class='ocr_line' id='line_1_7' title="bbox 154 919 1152 1012; baseline -0.002 -20"><span class='ocrx_word' id='word_1_36' title='bbox 154 930 236 1010; x_wconf 89' lang='lat' dir='ltr'>sia,</span> <span class='ocrx_word' id='word_1_37' title='bbox 268 927 370 992; x_wconf 87' lang='lat' dir='ltr'>illos</span> <span class='ocrx_word' id='word_1_38' title='bbox 398 927 650 992; x_wconf 89' lang='lat' dir='ltr'>constituite</span> <span class='ocrx_word' id='word_1_39' title='bbox 677 925 725 991; x_wconf 91' lang='lat' dir='ltr'>ad</span> <span class='ocrx_word' id='word_1_40' title='bbox 748 923 1044 1012; x_wconf 85' lang='lat' dir='ltr'>judicandum,</span> <span class='ocrx_word' id='word_1_41' title='bbox 1063 919 1089 1006; x_wconf 81' lang='lat'>²)</span> <span class='ocrx_word' id='word_1_42' title='bbox 1112 934 1152 990; x_wconf 89' lang='lat' dir='ltr'>ut</span> 
     </span>
     <span class='ocr_line' id='line_1_8' title="bbox 153 1023 1151 1116; baseline -0.005 -25"><span class='ocrx_word' id='word_1_43' title='bbox 153 1029 220 1116; x_wconf 91' lang='lat' dir='ltr'>ipsi</span> <span class='ocrx_word' id='word_1_44' title='bbox 251 1025 408 1093; x_wconf 81' lang='lat' dir='ltr'>videlicet</span> <span class='ocrx_word' id='word_1_45' title='bbox 435 1023 740 1113; x_wconf 79' lang='lat' dir='ltr'>dispensationibus</span> <span class='ocrx_word' id='word_1_46' title='bbox 776 1025 920 1090; x_wconf 87' lang='lat' dir='ltr'>terrenis</span> <span class='ocrx_word' id='word_1_47' title='bbox 952 1023 1151 1105; x_wconf 84' lang='lat' dir='ltr'>inserviant,</span> 
     </span>
     <span class='ocr_line' id='line_1_9' title="bbox 154 1123 1151 1214; baseline -0.005 -22"><span class='ocrx_word' id='word_1_48' title='bbox 154 1149 237 1214; x_wconf 89' lang='lat' dir='ltr'>quos</span> <span class='ocrx_word' id='word_1_49' title='bbox 260 1126 345 1193; x_wconf 91' lang='lat' dir='ltr'>dona</span> <span class='ocrx_word' id='word_1_50' title='bbox 375 1125 539 1214; x_wconf 87' lang='lat' dir='ltr'>spiritalia</span> <span class='ocrx_word' id='word_1_51' title='bbox 572 1147 638 1192; x_wconf 91' lang='lat' dir='ltr'>non</span> <span class='ocrx_word' id='word_1_52' title='bbox 660 1135 835 1191; x_wconf 86' lang='lat' dir='ltr'>exornant.</span> <span class='ocrx_word' id='word_1_53' title='bbox 879 1123 929 1190; x_wconf 87' lang='lat' dir='ltr'>Ac</span> <span class='ocrx_word' id='word_1_54' title='bbox 951 1125 979 1188; x_wconf 87' lang='lat' dir='ltr'>si</span> <span class='ocrx_word' id='word_1_55' title='bbox 1000 1123 1151 1209; x_wconf 76' lang='lat' dir='ltr'>apertius</span> 
     </span>
     <span class='ocr_line' id='line_1_10' title="bbox 149 1223 1150 1314; baseline -0.003 -23"><span class='ocrx_word' id='word_1_56' title='bbox 149 1227 259 1294; x_wconf 84' lang='lat' dir='ltr'>dicat:</span> <span class='ocrx_word' id='word_1_57' title='bbox 283 1228 373 1308; x_wconf 77' lang='lat' dir='ltr'>Quia</span> <span class='ocrx_word' id='word_1_58' title='bbox 394 1236 570 1314; x_wconf 79' lang='lat' dir='ltr'>penetrare</span> <span class='ocrx_word' id='word_1_59' title='bbox 599 1226 715 1290; x_wconf 83' lang='lat' dir='ltr'>intima</span> <span class='ocrx_word' id='word_1_60' title='bbox 736 1236 927 1311; x_wconf 89' lang='lat' dir='ltr'>nequeunt,</span> <span class='ocrx_word' id='word_1_61' title='bbox 950 1223 1068 1290; x_wconf 80' lang='lat' dir='ltr'>saltem</span> <span class='ocrx_word' id='word_1_62' title='bbox 1090 1246 1150 1289; x_wconf 86' lang='lat' dir='ltr'>ne·</span> 
     </span>
     <span class='ocr_line' id='line_1_11' title="bbox 152 1321 1150 1414; baseline -0.001 -23"><span class='ocrx_word' id='word_1_63' title='bbox 152 1328 301 1393; x_wconf 86' lang='lat' dir='ltr'>cessaria</span> <span class='ocrx_word' id='word_1_64' title='bbox 314 1326 396 1392; x_wconf 85' lang='lat' dir='ltr'>foris</span> <span class='ocrx_word' id='word_1_65' title='bbox 411 1334 599 1414; x_wconf 82' lang='lat' dir='ltr'>operentur.</span> <span class='ocrx_word' id='word_1_66' title='bbox 641 1325 730 1391; x_wconf 91' lang='lat' dir='ltr'>Hinc</span> <span class='ocrx_word' id='word_1_67' title='bbox 744 1327 890 1410; x_wconf 82' lang='lat' dir='ltr'>Moyses,</span> <span class='ocrx_word' id='word_1_68' title='bbox 914 1325 1059 1411; x_wconf 90' lang='lat' dir='ltr'>quicum</span> <span class='ocrx_word' id='word_1_69' title='bbox 1074 1321 1150 1390; x_wconf 89' lang='lat' dir='ltr'>Deo</span> 
     </span>
     <span class='ocr_line' id='line_1_12' title="bbox 149 1421 1151 1512; baseline -0.003 -23"><span class='ocrx_word' id='word_1_70' title='bbox 149 1425 308 1511; x_wconf 88' lang='lat' dir='ltr'>loquitur,</span> <span class='ocrx_word' id='word_1_71' title='bbox 330 1425 449 1490; x_wconf 89' lang='lat' dir='ltr'>Jethro</span> <span class='ocrx_word' id='word_1_72' title='bbox 461 1425 674 1509; x_wconf 84' lang='lat' dir='ltr'>alienigenae</span> <span class='ocrx_word' id='word_1_73' title='bbox 685 1426 945 1512; x_wconf 87' lang='lat' dir='ltr'>reprehensione</span> <span class='ocrx_word' id='word_1_74' title='bbox 963 1421 1151 1511; x_wconf 87' lang='lat' dir='ltr'>judicatur,</span> 
     </span>
     <span class='ocr_line' id='line_1_13' title="bbox 152 1521 1149 1612; baseline -0.005 -22"><span class='ocrx_word' id='word_1_75' title='bbox 152 1524 242 1610; x_wconf 92' lang='lat' dir='ltr'>quod</span> <span class='ocrx_word' id='word_1_76' title='bbox 263 1526 406 1592; x_wconf 88' lang='lat' dir='ltr'>terrenis</span> <span class='ocrx_word' id='word_1_77' title='bbox 429 1524 629 1612; x_wconf 90' lang='lat' dir='ltr'>populorum</span> <span class='ocrx_word' id='word_1_78' title='bbox 656 1525 800 1610; x_wconf 86' lang='lat' dir='ltr'>negotiis</span> <span class='ocrx_word' id='word_1_79' title='bbox 823 1524 925 1590; x_wconf 89' lang='lat' dir='ltr'>stulto</span> <span class='ocrx_word' id='word_1_80' title='bbox 954 1521 1069 1589; x_wconf 85' lang='lat' dir='ltr'>labore</span> <span class='ocrx_word' id='word_1_81' title='bbox 1091 1521 1149 1586; x_wconf 90' lang='lat' dir='ltr'>de·</span> 
     </span>
     <span class='ocr_line' id='line_1_14' title="bbox 152 1623 1150 1712; baseline -0.003 -23"><span class='ocrx_word' id='word_1_82' title='bbox 152 1626 292 1690; x_wconf 88' lang='lat' dir='ltr'>serviat:</span> <span class='ocrx_word' id='word_1_83' title='bbox 322 1626 376 1690; x_wconf 90' lang='lat' dir='ltr'>cui</span> <span class='ocrx_word' id='word_1_84' title='bbox 399 1634 432 1689; x_wconf 90' lang='lat' dir='ltr'>et</span> <span class='ocrx_word' id='word_1_85' title='bbox 454 1623 627 1690; x_wconf 88' lang='lat' dir='ltr'>consilium</span> <span class='ocrx_word' id='word_1_86' title='bbox 648 1647 724 1690; x_wconf 87' lang='lat' dir='ltr'>mcx</span> <span class='ocrx_word' id='word_1_87' title='bbox 745 1624 947 1712; x_wconf 82' lang='lat' dir='ltr'>praebetur,</span> <span class='ocrx_word' id='word_1_88' title='bbox 970 1633 1009 1688; x_wconf 92' lang='lat' dir='ltr'>ut</span> <span class='ocrx_word' id='word_1_89' title='bbox 1029 1645 1088 1709; x_wconf 90' lang='lat' dir='ltr'>pro</span> <span class='ocrx_word' id='word_1_90' title='bbox 1113 1643 1150 1686; x_wconf 89' lang='lat' dir='ltr'>se</span> 
     </span>
     <span class='ocr_line' id='line_1_15' title="bbox 149 1721 1150 1812; baseline 0.001 -26"><span class='ocrx_word' id='word_1_91' title='bbox 149 1721 235 1789; x_wconf 80' lang='lat' dir='ltr'>elios</span> <span class='ocrx_word' id='word_1_92' title='bbox 258 1721 302 1786; x_wconf 88' lang='lat' dir='ltr'>ad</span> <span class='ocrx_word' id='word_1_93' title='bbox 320 1724 438 1812; x_wconf 83' lang='lat' dir='ltr'>jurgia</span> <span class='ocrx_word' id='word_1_94' title='bbox 453 1721 638 1789; x_wconf 84' lang='lat' dir='ltr'>dirimendo</span> <span class='ocrx_word' id='word_1_95' title='bbox 652 1727 843 1807; x_wconf 82' lang='lat' dir='ltr'>constituat,</span> <span class='ocrx_word' id='word_1_96' title='bbox 867 1735 900 1789; x_wconf 89' lang='lat' dir='ltr'>et</span> <span class='ocrx_word' id='word_1_97' title='bbox 921 1725 994 1812; x_wconf 89' lang='lat' dir='ltr'>ipse</span> <span class='ocrx_word' id='word_1_98' title='bbox 1007 1721 1150 1787; x_wconf 87' lang='lat' dir='ltr'>liberius</span> 
     </span>
    </p>
   </div>
   <div class='ocr_carea' id='block_1_3' title="bbox 150 1819 1238 1911">
    <p class='ocr_par' dir='ltr' id='par_1_3' title="bbox 150 1819 1238 1911">
     <span class='ocr_line' id='line_1_16' title="bbox 150 1819 1238 1911; baseline 0.001 -22"><span class='ocrx_word' id='word_1_99' title='bbox 150 1821 557 1911; x_wconf 80' lang='lat' dir='ltr'>aderudiendospopulos</span> <span class='ocrx_word' id='word_1_100' title='bbox 571 1823 769 1907; x_wconf 85' lang='lat' dir='ltr'>spiritalium</span> <span class='ocrx_word' id='word_1_101' title='bbox 791 1843 914 1890; x_wconf 85' lang='lat' dir='ltr'>arcana</span> <span class='ocrx_word' id='word_1_102' title='bbox 928 1819 1151 1908; x_wconf 74' lang='lat' dir='ltr'>cognoscat.³)</span> <span class='ocrx_word' id='word_1_103' title='bbox 1237 1851 1238 1860; x_wconf 52' lang='lat'>¹</span> 
     </span>
    </p>
   </div>
   <div class='ocr_carea' id='block_1_4' title="bbox 147 1920 1149 2111">
    <p class='ocr_par' dir='ltr' id='par_1_4' title="bbox 147 1920 1149 2111">
     <span class='ocr_line' id='line_1_17' title="bbox 192 1920 1149 2009; baseline 0.001 -22"><span class='ocrx_word' id='word_1_104' title='bbox 192 1923 222 1987; x_wconf 85' lang='lat' dir='ltr'>A</span> <span class='ocrx_word' id='word_1_105' title='bbox 247 1920 388 1988; x_wconf 86' lang='lat' dir='ltr'>subditis</span> <span class='ocrx_word' id='word_1_106' title='bbox 410 1943 490 2006; x_wconf 85' lang='lat' dir='ltr'>ergo</span> <span class='ocrx_word' id='word_1_107' title='bbox 512 1923 674 1990; x_wconf 85' lang='lat' dir='ltr'>inferiora</span> <span class='ocrx_word' id='word_1_108' title='bbox 695 1922 843 2009; x_wconf 80' lang='lat' dir='ltr'>gerenda</span> <span class='ocrx_word' id='word_1_109' title='bbox 868 1933 963 2005; x_wconf 89' lang='lat' dir='ltr'>sunt,</span> <span class='ocrx_word' id='word_1_110' title='bbox 998 1945 1018 1987; x_wconf 89' lang='lat' dir='ltr'>a</span> <span class='ocrx_word' id='word_1_111' title='bbox 1040 1931 1149 1988; x_wconf 88' lang='lat' dir='ltr'>recto·</span> 
     </span>
     <span class='ocr_line' id='line_1_18' title="bbox 147 2021 1148 2111; baseline 0 -25"><span class='ocrx_word' id='word_1_112' title='bbox 147 2021 384 2088; x_wconf 83' lang='lat' dir='ltr'>ribussummc</span> <span class='ocrx_word' id='word_1_113' title='bbox 399 2022 589 2107; x_wconf 84' lang='lat' dir='ltr'>cogitanda,</span> <span class='ocrx_word' id='word_1_114' title='bbox 612 2034 650 2088; x_wconf 90' lang='lat' dir='ltr'>nt</span> <span class='ocrx_word' id='word_1_115' title='bbox 665 2021 946 2106; x_wconf 87' lang='lat' dir='ltr'>scilicetoculnm,</span> <span class='ocrx_word' id='word_1_116' title='bbox 972 2024 1029 2111; x_wconf 89' lang='lat' dir='ltr'>qui</span> <span class='ocrx_word' id='word_1_117' title='bbox 1050 2043 1148 2108; x_wconf 85' lang='lat' dir='ltr'>prae-</span> 
     </span>
    </p>
   </div>
   <div class='ocr_carea' id='block_1_5' title="bbox 146 2119 1237 2212">
    <p class='ocr_par' dir='ltr' id='par_1_5' title="bbox 146 2119 1237 2212">
     <span class='ocr_line' id='line_1_19' title="bbox 146 2119 1237 2212; baseline 0.004 -26"><span class='ocrx_word' id='word_1_118' title='bbox 146 2120 306 2187; x_wconf 81' lang='lat' dir='ltr'>videndis</span> <span class='ocrx_word' id='word_1_119' title='bbox 336 2121 507 2207; x_wconf 77' lang='lat' dir='ltr'>gressibus</span> <span class='ocrx_word' id='word_1_120' title='bbox 537 2123 760 2208; x_wconf 85' lang='lat' dir='ltr'>praeeminet,</span> <span class='ocrx_word' id='word_1_121' title='bbox 794 2145 875 2190; x_wconf 87' lang='lat' dir='ltr'>cura</span> <span class='ocrx_word' id='word_1_122' title='bbox 902 2119 1051 2212; x_wconf 89' lang='lat' dir='ltr'>pulveris</span> <span class='ocrx_word' id='word_1_123' title='bbox 1078 2145 1150 2190; x_wconf 89' lang='lat' dir='ltr'>non</span> <span class='ocrx_word' id='word_1_124' title='bbox 1236 2195 1237 2200; x_wconf 8' lang='grc' dir='ltr'>γ</span> 
     </span>
    </p>
   </div>
   <div class='ocr_carea' id='block_1_6' title="bbox 147 2219 1151 2509">
    <p class='ocr_par' dir='ltr' id='par_1_6' title="bbox 147 2219 1151 2509">
     <span class='ocr_line' id='line_1_20' title="bbox 147 2219 1151 2309; baseline 0 -21"><span class='ocrx_word' id='word_1_125' title='bbox 147 2221 313 2297; x_wconf 87' lang='lat' dir='ltr'>obscuret.</span> <span class='ocrx_word' id='word_1_126' title='bbox 358 2220 470 2308; x_wconf 80' lang='lat' dir='ltr'>Caput</span> <span class='ocrx_word' id='word_1_127' title='bbox 495 2243 640 2307; x_wconf 87' lang='lat' dir='ltr'>namque</span> <span class='ocrx_word' id='word_1_128' title='bbox 670 2219 895 2309; x_wconf 88' lang='lat' dir='ltr'>subjectorum</span> <span class='ocrx_word' id='word_1_129' title='bbox 924 2231 1002 2288; x_wconf 90' lang='lat' dir='ltr'>sunt</span> <span class='ocrx_word' id='word_1_130' title='bbox 1024 2222 1151 2307; x_wconf 84' lang='lat' dir='ltr'>cuncti,</span> 
     </span>
     <span class='ocr_line' id='line_1_21' title="bbox 149 2320 1148 2410; baseline 0.003 -25"><span class='ocrx_word' id='word_1_131' title='bbox 149 2322 208 2408; x_wconf 87' lang='lat' dir='ltr'>qui</span> <span class='ocrx_word' id='word_1_132' title='bbox 228 2327 412 2406; x_wconf 80' lang='lat' dir='ltr'>praesunt3</span> <span class='ocrx_word' id='word_1_133' title='bbox 435 2329 468 2384; x_wconf 86' lang='lat' dir='ltr'>et</span> <span class='ocrx_word' id='word_1_134' title='bbox 490 2331 527 2386; x_wconf 90' lang='lat' dir='ltr'>ut</span> <span class='ocrx_word' id='word_1_135' title='bbox 547 2331 640 2386; x_wconf 81' lang='lat' dir='ltr'>recta</span> <span class='ocrx_word' id='word_1_136' title='bbox 651 2321 753 2410; x_wconf 89' lang='lat' dir='ltr'>pedes</span> <span class='ocrx_word' id='word_1_137' title='bbox 774 2320 913 2387; x_wconf 80' lang='lat' dir='ltr'>valeant</span> <span class='ocrx_word' id='word_1_138' title='bbox 928 2322 1051 2388; x_wconf 87' lang='lat' dir='ltr'>itincre</span> <span class='ocrx_word' id='word_1_139' title='bbox 1072 2345 1148 2388; x_wconf 89' lang='lat' dir='ltr'>car·</span> 
     </span>
     <span class='ocr_line' id='line_1_22' title="bbox 147 2416 1148 2509; baseline 0.002 -26"><span class='ocrx_word' id='word_1_140' title='bbox 147 2439 240 2502; x_wconf 88' lang='lat' dir='ltr'>pere,</span> <span class='ocrx_word' id='word_1_141' title='bbox 263 2417 349 2483; x_wconf 89' lang='lat' dir='ltr'>haec</span> <span class='ocrx_word' id='word_1_142' title='bbox 370 2417 487 2503; x_wconf 89' lang='lat' dir='ltr'>procul</span> <span class='ocrx_word' id='word_1_143' title='bbox 508 2416 609 2486; x_wconf 88' lang='lat' dir='ltr'>dnbio</span> <span class='ocrx_word' id='word_1_144' title='bbox 636 2431 737 2509; x_wconf 84' lang='lat' dir='ltr'>eaput</span> <span class='ocrx_word' id='word_1_145' title='bbox 763 2419 862 2486; x_wconf 91' lang='lat' dir='ltr'>debet</span> <span class='ocrx_word' id='word_1_146' title='bbox 884 2443 926 2486; x_wconf 85' lang='lat' dir='ltr'>ex</span> <span class='ocrx_word' id='word_1_147' title='bbox 947 2422 1013 2489; x_wconf 86' lang='lat' dir='ltr'>alto</span> <span class='ocrx_word' id='word_1_148' title='bbox 1034 2425 1148 2508; x_wconf 88' lang='lat' dir='ltr'>provi·</span> 
     </span>
    </p>
   </div>
   <div class='ocr_carea' id='block_1_7' title="bbox 148 2517 1236 2610">
    <p class='ocr_par' dir='ltr' id='par_1_7' title="bbox 148 2517 1236 2610">
     <span class='ocr_line' id='line_1_23' title="bbox 148 2517 1236 2610; baseline 0.006 -27"><span class='ocrx_word' id='word_1_149' title='bbox 148 2517 250 2600; x_wconf 90' lang='lat' dir='ltr'>dere,</span> <span class='ocrx_word' id='word_1_150' title='bbox 279 2539 322 2583; x_wconf 90' lang='lat' dir='ltr'>ne</span> <span class='ocrx_word' id='word_1_151' title='bbox 349 2541 369 2582; x_wconf 89' lang='lat' dir='ltr'>a</span> <span class='ocrx_word' id='word_1_152' title='bbox 400 2528 578 2603; x_wconf 87' lang='lat' dir='ltr'>provectus</span> <span class='ocrx_word' id='word_1_153' title='bbox 614 2523 666 2585; x_wconf 87' lang='lat' dir='ltr'>sui</span> <span class='ocrx_word' id='word_1_154' title='bbox 693 2522 812 2586; x_wconf 88' lang='lat' dir='ltr'>itinere</span> <span class='ocrx_word' id='word_1_155' title='bbox 845 2523 946 2608; x_wconf 88' lang='lat' dir='ltr'>pedes</span> <span class='ocrx_word' id='word_1_156' title='bbox 975 2531 1149 2610; x_wconf 87' lang='lat' dir='ltr'>torpeant,</span> <span class='ocrx_word' id='word_1_157' title='bbox 1235 2527 1236 2580; x_wconf 81' lang='grc' dir='ltr'>ἶ</span> 
     </span>
    </p>
   </div>
   <div class='ocr_carea' id='block_1_8' title="bbox 147 2618 1147 2709">
    <p class='ocr_par' dir='ltr' id='par_1_8' title="bbox 147 2618 1147 2709">
     <span class='ocr_line' id='line_1_24' title="bbox 147 2618 1147 2709; baseline 0.005 -25"><span class='ocrx_word' id='word_1_158' title='bbox 147 2641 221 2684; x_wconf 87' lang='lat' dir='ltr'>cum</span> <span class='ocrx_word' id='word_1_159' title='bbox 245 2627 383 2684; x_wconf 85' lang='lat' dir='ltr'>curvata</span> <span class='ocrx_word' id='word_1_160' title='bbox 404 2618 604 2685; x_wconf 88' lang='lat' dir='ltr'>rectitudine</span> <span class='ocrx_word' id='word_1_161' title='bbox 627 2622 773 2703; x_wconf 87' lang='lat' dir='ltr'>corporis</span> <span class='ocrx_word' id='word_1_162' title='bbox 793 2633 895 2709; x_wconf 82' lang='lat' dir='ltr'>ceput</span> <span class='ocrx_word' id='word_1_163' title='bbox 919 2645 992 2690; x_wconf 88' lang='lat' dir='ltr'>sese</span> <span class='ocrx_word' id='word_1_164' title='bbox 1015 2623 1059 2690; x_wconf 91' lang='lat' dir='ltr'>ad</span> <span class='ocrx_word' id='word_1_165' title='bbox 1079 2633 1147 2689; x_wconf 86' lang='lat' dir='ltr'>ter·-</span> 
     </span>
    </p>
   </div>
   <div class='ocr_carea' id='block_1_9' title="bbox 146 2714 1235 2809">
    <p class='ocr_par' dir='ltr' id='par_1_9' title="bbox 146 2714 1235 2809">
     <span class='ocr_line' id='line_1_25' title="bbox 146 2714 1235 2809; baseline 0.008 -27"><span class='ocrx_word' id='word_1_166' title='bbox 146 2739 219 2782; x_wconf 84' lang='lat' dir='ltr'>rem</span> <span class='ocrx_word' id='word_1_167' title='bbox 240 2714 394 2782; x_wconf 87' lang='lat' dir='ltr'>declinat.</span> <span class='ocrx_word' id='word_1_168' title='bbox 438 2719 516 2800; x_wconf 77' lang='lat' dir='ltr'>Qua</span> <span class='ocrx_word' id='word_1_169' title='bbox 538 2730 648 2787; x_wconf 83' lang='lat' dir='ltr'>eutem</span> <span class='ocrx_word' id='word_1_170' title='bbox 672 2729 781 2785; x_wconf 88' lang='lat' dir='ltr'>mente</span> <span class='ocrx_word' id='word_1_171' title='bbox 798 2723 983 2788; x_wconf 82' lang='lat' dir='ltr'>animarum</span> <span class='ocrx_word' id='word_1_172' title='bbox 1006 2726 1146 2809; x_wconf 87' lang='lat' dir='ltr'>praesul</span> <span class='ocrx_word' id='word_1_173' title='bbox 1234 2763 1235 2772; x_wconf 37' lang='grc' dir='ltr'>ι</span> 
     </span>
    </p>
   </div>
   <div class='ocr_carea' id='block_1_10' title="bbox 146 2815 1147 2904">
    <p class='ocr_par' dir='ltr' id='par_1_10' title="bbox 146 2815 1147 2904">
     <span class='ocr_line' id='line_1_26' title="bbox 146 2815 1147 2904; baseline 0.01 -24"><span class='ocrx_word' id='word_1_174' title='bbox 146 2815 275 2882; x_wconf 82' lang='lat' dir='ltr'>bonore</span> <span class='ocrx_word' id='word_1_175' title='bbox 297 2817 456 2902; x_wconf 85' lang='lat' dir='ltr'>pastorali</span> <span class='ocrx_word' id='word_1_176' title='bbox 485 2821 572 2884; x_wconf 88' lang='lat' dir='ltr'>inter</span> <span class='ocrx_word' id='word_1_177' title='bbox 594 2829 722 2884; x_wconf 88' lang='lat' dir='ltr'>ceteros</span> <span class='ocrx_word' id='word_1_178' title='bbox 742 2821 867 2904; x_wconf 89' lang='lat' dir='ltr'>utitur,</span> <span class='ocrx_word' id='word_1_179' title='bbox 894 2823 922 2887; x_wconf 85' lang='lat' dir='ltr'>si</span> <span class='ocrx_word' id='word_1_180' title='bbox 945 2823 980 2888; x_wconf 90' lang='lat' dir='ltr'>in</span> <span class='ocrx_word' id='word_1_181' title='bbox 1000 2825 1147 2890; x_wconf 86' lang='lat' dir='ltr'>terrenis</span> 
     </span>
    </p>
   </div>
   <div class='ocr_carea' id='block_1_11' title="bbox 145 2916 1234 3109">
    <p class='ocr_par' dir='ltr' id='par_1_11' title="bbox 145 2916 1234 3109">
     <span class='ocr_line' id='line_1_27' title="bbox 148 2916 1234 3012; baseline 0.011 -33"><span class='ocrx_word' id='word_1_182' title='bbox 148 2916 304 3000; x_wconf 83' lang='lat' dir='ltr'>negotiis,</span> <span class='ocrx_word' id='word_1_183' title='bbox 329 2937 415 3002; x_wconf 88' lang='lat' dir='ltr'>quae</span> <span class='ocrx_word' id='word_1_184' title='bbox 439 2917 683 3005; x_wconf 85' lang='lat' dir='ltr'>reprehendere</span> <span class='ocrx_word' id='word_1_185' title='bbox 705 2919 741 2984; x_wconf 88' lang='lat' dir='ltr'>in</span> <span class='ocrx_word' id='word_1_186' title='bbox 764 2919 838 2986; x_wconf 88' lang='lat' dir='ltr'>aliis</span> <span class='ocrx_word' id='word_1_187' title='bbox 862 2920 990 3006; x_wconf 87' lang='lat' dir='ltr'>debuit,</span> <span class='ocrx_word' id='word_1_188' title='bbox 1016 2927 1146 3012; x_wconf 86' lang='lat' dir='ltr'>etipse</span> <span class='ocrx_word' id='word_1_189' title='bbox 1233 2977 1234 2990; x_wconf 65' lang='grc'>,</span> 
     </span>
     <span class='ocr_line' id='line_1_28' title="bbox 145 2991 1234 3109; baseline 0.009 -29"><span class='ocrx_word' id='word_1_190' title='bbox 145 3017 329 3081; x_wconf 77' lang='lat' dir='ltr'>versatur?</span> <span class='ocrx_word' id='word_1_191' title='bbox 371 3016 471 3097; x_wconf 80' lang='lat' dir='ltr'>Quod</span> <span class='ocrx_word' id='word_1_192' title='bbox 500 3017 719 3084; x_wconf 74' lang='lat' dir='ltr'>videlicet&#39;ex</span> <span class='ocrx_word' id='word_1_193' title='bbox 738 3021 789 3084; x_wconf 87' lang='lat' dir='ltr'>ira</span> <span class='ocrx_word' id='word_1_194' title='bbox 813 3023 929 3109; x_wconf 88' lang='lat' dir='ltr'>justae</span> <span class='ocrx_word' id='word_1_195' title='bbox 950 3023 1145 3090; x_wconf 88' lang='lat' dir='ltr'>retributio·</span> <span class='ocrx_word' id='word_1_196' title='bbox 1233 2991 1234 3056; x_wconf 48' lang='lat' dir='ltr'>l</span> 
     </span>
    </p>
   </div>
   <div class='ocr_carea' id='block_1_12' title="bbox 114 3115 1147 3409">
    <p class='ocr_par' dir='ltr' id='par_1_12' title="bbox 114 3115 1147 3409">
     <span class='ocr_line' id='line_1_29' title="bbox 143 3115 1147 3204; baseline 0.01 -26"><span class='ocrx_word' id='word_1_197' title='bbox 143 3116 199 3179; x_wconf 88' lang='lat' dir='ltr'>nis</span> <span class='ocrx_word' id='word_1_198' title='bbox 219 3135 279 3198; x_wconf 88' lang='lat' dir='ltr'>per</span> <span class='ocrx_word' id='word_1_199' title='bbox 308 3115 507 3204; x_wconf 88' lang='lat' dir='ltr'>prophetam</span> <span class='ocrx_word' id='word_1_200' title='bbox 528 3117 691 3184; x_wconf 89' lang='lat' dir='ltr'>Dominus</span> <span class='ocrx_word' id='word_1_201' title='bbox 721 3121 884 3202; x_wconf 85' lang='lat' dir='ltr'>minatur,</span> <span class='ocrx_word' id='word_1_202' title='bbox 918 3120 1049 3190; x_wconf 85' lang='lat' dir='ltr'>dicens:</span> <span class='ocrx_word' id='word_1_203' title='bbox 1086 3121 1147 3188; x_wconf 84' lang='lat' dir='ltr'>Et</span> 
     </span>
     <span class='ocr_line' id='line_1_30' title="bbox 114 3215 1145 3308; baseline 0.01 -30"><span class='ocrx_word' id='word_1_204' title='bbox 114 3215 234 3279; x_wconf 88' lang='lat' dir='ltr'>&#39;erit</span> <span class='ocrx_word' id='word_1_205' title='bbox 256 3215 372 3282; x_wconf 90' lang='lat' dir='ltr'>sicut</span> <span class='ocrx_word' id='word_1_206' title='bbox 400 3215 606 3304; x_wconf 88' lang='lat' dir='ltr'>populus,</span> <span class='ocrx_word' id='word_1_207' title='bbox 638 3215 702 3285; x_wconf 87' lang='lat' dir='ltr'>sic</span> <span class='ocrx_word' id='word_1_208' title='bbox 724 3221 936 3287; x_wconf 89' lang='lat' dir='ltr'>sacerdos.</span> <span class='ocrx_word' id='word_1_209' title='bbox 954 3221 982 3308; x_wconf 72' lang='lat'>“)</span> <span class='ocrx_word' id='word_1_210' title='bbox 1028 3221 1145 3288; x_wconf 84' lang='lat' dir='ltr'>Sacer·</span> 
     </span>
     <span class='ocr_line' id='line_1_31' title="bbox 143 3313 1145 3409; baseline 0.008 -31"><span class='ocrx_word' id='word_1_211' title='bbox 143 3313 205 3380; x_wconf 89' lang='lat' dir='ltr'>dos</span> <span class='ocrx_word' id='word_1_212' title='bbox 228 3314 351 3403; x_wconf 88' lang='lat' dir='ltr'>quippe</span> <span class='ocrx_word' id='word_1_213' title='bbox 374 3326 425 3381; x_wconf 88' lang='lat' dir='ltr'>est</span> <span class='ocrx_word' id='word_1_214' title='bbox 445 3325 483 3380; x_wconf 89' lang='lat' dir='ltr'>ut</span> <span class='ocrx_word' id='word_1_215' title='bbox 503 3317 664 3401; x_wconf 89' lang='lat' dir='ltr'>populus,</span> <span class='ocrx_word' id='word_1_216' title='bbox 694 3319 828 3408; x_wconf 86' lang='lat' dir='ltr'>qnando</span> <span class='ocrx_word' id='word_1_217' title='bbox 851 3345 892 3387; x_wconf 88' lang='lat' dir='ltr'>ea</span> <span class='ocrx_word' id='word_1_218' title='bbox 912 3322 983 3406; x_wconf 82' lang='lat' dir='ltr'>agit</span> <span class='ocrx_word' id='word_1_219' title='bbox 1004 3323 1052 3404; x_wconf 90' lang='lat' dir='ltr'>is,</span> <span class='ocrx_word' id='word_1_220' title='bbox 1083 3325 1145 3409; x_wconf 88' lang='lat' dir='ltr'>qui</span> 
     </span>
    </p>
   </div>
   <div class='ocr_carea' id='block_1_13' title="bbox 22 3413 1146 3507">
    <p class='ocr_par' dir='ltr' id='par_1_13' title="bbox 22 3413 1146 3507">
     <span class='ocr_line' id='line_1_32' title="bbox 22 3413 1146 3507; baseline 0.009 -29"><span class='ocrx_word' id='word_1_221' title='bbox 22 3489 24 3493; x_wconf 85' lang='lat'>.</span> <span class='ocrx_word' id='word_1_222' title='bbox 143 3413 291 3500; x_wconf 86' lang='lat' dir='ltr'>spiritali</span> <span class='ocrx_word' id='word_1_223' title='bbox 313 3415 422 3482; x_wconf 86' lang='lat' dir='ltr'>officio</span> <span class='ocrx_word' id='word_1_224' title='bbox 443 3414 612 3502; x_wconf 83' lang='lat' dir='ltr'>fungitur,</span> <span class='ocrx_word' id='word_1_225' title='bbox 645 3441 732 3507; x_wconf 85' lang='lat' dir='ltr'>quae</span> <span class='ocrx_word' id='word_1_226' title='bbox 753 3417 805 3484; x_wconf 90' lang='lat' dir='ltr'>illi</span> <span class='ocrx_word' id='word_1_227' title='bbox 828 3413 981 3488; x_wconf 84' lang='lat' dir='ltr'>nimirum</span> <span class='ocrx_word' id='word_1_228' title='bbox 1001 3422 1146 3507; x_wconf 85' lang='lat' dir='ltr'>faciunt,</span> 
     </span>
    </p>
   </div>
   <div class='ocr_carea' id='block_1_14' title="bbox 302 3558 426 3568">
    <p class='ocr_par' dir='ltr' id='par_1_14' title="bbox 302 3558 426 3568">
     <span class='ocr_line' id='line_1_33' title="bbox 302 3558 426 3568; baseline 0.016 -2"><span class='ocrx_word' id='word_1_229' title='bbox 302 3558 426 3568; x_wconf 76' lang='lat'>--..-....</span> 
     </span>
    </p>
   </div>
   <div class='ocr_carea' id='block_1_15' title="bbox 147 3641 1143 3794">
    <p class='ocr_par' dir='ltr' id='par_1_15' title="bbox 147 3641 1143 3794">
     <span class='ocr_line' id='line_1_34' title="bbox 147 3641 1143 3720; baseline 0.023 -34"><span class='ocrx_word' id='word_1_230' title='bbox 147 3643 189 3703; x_wconf 85' lang='lat'><strong>..¹)</strong></span> <span class='ocrx_word' id='word_1_231' title='bbox 206 3643 231 3693; x_wconf 79' lang='lat'>2.</span> <span class='ocrx_word' id='word_1_232' title='bbox 250 3641 315 3694; x_wconf 81' lang='lat' dir='ltr'>Tim.</span> <span class='ocrx_word' id='word_1_233' title='bbox 333 3641 357 3709; x_wconf 73' lang='lat'>2,</span> <span class='ocrx_word' id='word_1_234' title='bbox 376 3643 401 3699; x_wconf 73' lang='lat' dir='ltr'>l.</span> <span class='ocrx_word' id='word_1_235' title='bbox 427 3673 460 3684; x_wconf 89' lang='lat'><em>-</em></span> <span class='ocrx_word' id='word_1_236' title='bbox 484 3644 505 3710; x_wconf 84' lang='lat'>²)</span> <span class='ocrx_word' id='word_1_237' title='bbox 525 3647 549 3698; x_wconf 92' lang='lat'>1.</span> <span class='ocrx_word' id='word_1_238' title='bbox 568 3647 626 3702; x_wconf 79' lang='lat' dir='ltr'>Cor.</span> <span class='ocrx_word' id='word_1_239' title='bbox 655 3648 681 3716; x_wconf 84' lang='lat'>6,</span> <span class='ocrx_word' id='word_1_240' title='bbox 708 3649 733 3705; x_wconf 79' lang='lat' dir='ltr'>l.</span> <span class='ocrx_word' id='word_1_241' title='bbox 759 3679 792 3688; x_wconf 91' lang='lat'>-—</span> <span class='ocrx_word' id='word_1_242' title='bbox 817 3649 1003 3720; x_wconf 54' lang='lat' dir='ltr'>unrocus,</span> <span class='ocrx_word' id='word_1_243' title='bbox 1031 3653 1072 3710; x_wconf 77' lang='lat'>17.</span> <span class='ocrx_word' id='word_1_244' title='bbox 1098 3651 1143 3709; x_wconf 88' lang='lat'>18.</span> 
     </span>
     <span class='ocr_line' id='line_1_35' title="bbox 211 3722 1046 3794; baseline 0.022 -15"><span class='ocrx_word' id='word_1_245' title='bbox 211 3722 457 3794; x_wconf 76' lang='lat' dir='ltr'>·-⁴)Oscsl,9.</span> <span class='ocrx_word' id='word_1_246' title='bbox 1000 3767 1003 3774; x_wconf 65' lang='lat'>=</span> <span class='ocrx_word' id='word_1_247' title='bbox 1043 3729 1046 3734; x_wconf 45' lang='lat'><strong>¹</strong></span> 
     </span>
    </p>
   </div>
   <div class='ocr_carea' id='block_1_16' title="bbox 0 0 1248 4222">
    <p class='ocr_par' dir='ltr' id='par_1_16' title="bbox 0 0 1248 4222">
     <span class='ocr_line' id='line_1_36' title="bbox 0 0 1248 4222; baseline 0 3"><span class='ocrx_word' id='word_1_248' title='bbox 0 0 1248 4222; x_wconf 95' lang='lat' dir='ltr'> </span> 
     </span>
    </p>
   </div>
   <div class='ocr_carea' id='block_1_17' title="bbox 1224 3797 1231 4192">
    <p class='ocr_par' dir='ltr' id='par_1_17' title="bbox 1224 3797 1231 4192">
     <span class='ocr_line' id='line_1_37' title="bbox 1224 3797 1231 4192; baseline 0 0"><span class='ocrx_word' id='word_1_249' title='bbox 1224 3797 1231 4192; x_wconf 86' lang='lat' dir='ltr'>l</span> 
     </span>
    </p>
   </div>
  </div>
 </body>
</html>
