2462 4220
433 242 659 315 ..245-

39 407 168 490 punita
190 409 354 495 nequitia,
380 410 440 478 sed
460 421 498 479 ut
516 431 599 484 num,
616 411 705 482 omni
728 409 986 495 mansuetuline
1009 432 1051 479 ae

39 491 186 572 lenitate
203 489 241 560 ,id
263 505 354 576 agat,
380 495 608 576 considerans,
631 489 720 578 quod
741 495 815 578 ipse
852 515 962 578 noque
985 484 1044 558 ha·

40 574 100 638 bet
124 571 322 648 Praelntum,
343 577 380 640 in
401 576 510 656 coelo,
538 578 600 662 ¹qui
624 598 698 644 eum
720 515 902 645 seeundum
928 577 1050 644 merita

34 655 220 742 judicabit.
265 647 410 736 Qualem
434 681 513 743 ergo
542 657 623 724 velit
653 680 733 742 erga
756 682 792 724 se
814 660 925 724 Deum
948 681 1049 744 supe-

40 741 166 812 risnem
190 751 295 818 suunt,
317 741 417 806 talem
442 765 477 808 se
500 743 569 806 suis
581 740 800 808 inferioribus
824 739 966 808 subditis
988 764 1046 808 ex·

39 821 181 903 hibent,
213 823 367 909 alioquin
394 823 603 908 judicium
626 827 717 890 sine
743 823 1049 892 misericordia

39 905 124 972 fiet
147 907 189 977 in
212 929 319 986 eum,
344 910 413 992 qui
436 929 516 972 non
539 907 644 972 feeit
666 906 1047 993 misericordiam.¹)

39 987 209 1062 Atteudat
230 989 309 1057 item
331 987 599 1076 diligentissime,
624 989 714 1075 quod
737 991 771 1059 S.
781 989 849 1056 Leo
871 989 966 1074 Papa
988 1011 1047 1057 no·

38 1068 198 1136 tabiliter
229 1074 276 1136 sie
304 1072 401 1145 dicit:
434 1071 656 1151 ,Ini'eviorum
681 1073 806 1160 eulpae
828 1071 980 1138 ordinum
1005 1071 1049 1136 ed

39 1153 152 1218 nullos
173 1157 281 1239 magis
300 1155 498 1223 referendae
522 1167 617 1236 sunt,
651 1177 751 1240 quam
773 1156 814 1220 ad
838 1153 968 1220 desides
989 1175 1046 1218 ne·

37 1235 283 1322 gligentesque
318 1250 480 1315 rectores,
511 1240 569 1323 qui
589 1238 733 1307 multam
762 1261 864 1326 saepe
892 1237 1048 1303 nutriunt

40 1319 288 1404 pestilentiam,
312 1321 388 1386 dum
411 1324 628 1391 austeriorem
652 1319 863 1395 dissimulant
884 1319 1048 1388 adhibere

39 1402 273 1478 medieinam.“
288 1405 314 1486 2)
337 1403 436 1471 Unde
451 1417 486 1474 et
500 1403 585 1471 bene
601 1428 639 1475 su
666 1427 701 1475 ei·
714 1403 748 1468 id
763 1405 892 1487 Centd)
918 1401 1046 1484 „Tem-

39 1508 119 1570 pus
137 1487 376 1570 putationis
398 1487 600 1555 advenitu
667 1487 753 1568 uis,
769 1487 890 1573 inquit,
914 1489 973 1554 ite
995 1482 1048 1551 ad

40 1589 233 1652 unguem
257 1570 484 1656 superflua
502 1573 744 1652 resecavit,
764 1583 810 1635 ut
832 1571 892 1640 nil
916 1591 957 1637 se
978 1563 1046 1632 ha-

42 1648 159 1716 bere
191 1662 319 1738 putet
352 1655 588 1738 putatione
622 1653 830 1739 dignum?
873 1649 1046 1722 Credite

38 1733 160 1815 mihi,
184 1743 222 1798 et
243 1746 391 1821 putata
412 1733 689 1822 repullulant,
714 1749 752 1802 et
774 1737 967 1822 effugata
989 1755 1046 1798 re·

39 1815 196 1896 deunt,
225 1829 265 1882 et
298 1822 496 1887 extincte
522 1820 893 1902 reaccenduntur,
924 1829 964 1884 et
985 1838 1045 1889 so·
1135 1815 1139 1826 ’

40 1901 143 1983 pita
164 1901 422 1968 excitantur.
456 1903 605 1969 Panum
627 1911 689 1966 est
712 1898 836 1968 semel
854 1912 1045 1986 putasse,

41 2005 212 2069 semper
234 1983 473 2082 putendum
504 1993 582 2064 est3
612 1985 693 2054 imo
715 1983 828 2049 haud
857 1983 960 2048 fieri
981 2003 1045 2068 po·

41 2073 272 2151 test,.qn1n
297 2089 458 2152 semper
477 2063 608 2147 adsit,
640 2066 746 2151 quod
769 2066 909 2152 putari
931 2085 1045 2150 opor·

42 2157 155 2231 teat3
188 2151 229 2222 si
267 2147 538 2230 dissimulas,
579 2171 662 2216 non
701 2151 884 2216 invenis.
938 2149 1046 2244 Ergo

41 2228 197 2311 clema,
222 2255 268 2303 ne
292 2253 439 2303 cesses*
456 2235 570 2300 etot)
605 2229 794 2312 Secundum
810 2253 930 2300 nemen
952 2229 1047 2298 Chn-

42 2315 91 2381 sti
110 2315 180 2383 fuit
202 2313 465 2396 Nasamone,
481 2313 507 2400 ⁵)
532 2314 564 2380 id
587 2323 648 2396 est,
671 2313 817 2382 floridus
860 2313 906 2381 Et
927 2331 1047 2378 revere

41 2395 185 2476 floridus
203 2396 268 2470 luit
279 2399 457 2480 Dominus,
502 2399 561 2469 niu
582 2393 702 2468 habuit
712 2397 888 2464 eandorem
900 2397 963 2464 lilii
987 2455 988 2458 ,
1008 2415 1047 2459 er

41 2480 329 2568 innorruptionem
351 2421 570 2561 virginalem,
601 2479 742 2547 livorem
769 2479 880 2548 violae
903 2502 963 2564 per
984 2419 1046 2542 lu·

42 2564 223 2637 militatem
245 2563 583 2645 inexterminabilem,
600 2564 758 2630 ruborem
769 2585 866 2630 rosae
880 2586 940 2648 per
962 2561 1046 2626 eori-

40 2659 148 2714 rotem
162 2647 466 2733 incomparabilem.
495 2647 549 2712 De
560 2648 680 2816 grimo:
701 2647 730 2713 E
738 2669 787 2731 go
809 2645 892 2710 flos
914 2643 1047 2730 compi

41 2741 82 2794 et
106 2727 248 2806 lilium
272 2729 543 2803 convallium.
633 2727 687 2797 De
711 2727 870 2796 seeundo:
890 2725 1046 2794 Livore

41 2815 158 2901 ejus,
183 2813 290 2895 idest,
314 2812 515 2893 humilitate,
540 2813 678 2878 senati
702 2809 899 2894 sumus,⁷)
921 2809 1049 2878 seilicet

42 2918 64 2958 a
94 2896 264 2980 superbia.
308 2897 362 2960 De
394 2899 507 2962 tertie:
543 2897 630 2979 Ego
662 2897 792 2980 quasi
822 2894 1045 2980 plantatio

42 2999 166 3044 rosae
189 2979 229 3044 in
249 2978 469 3057 latichen
509 2978 608 3044 Teles
623 2977 1045 3045 deserentemePraelati.

42 3057 89 3124 Et
114 3061 144 3126 si
166 3058 344 3148 aliquando
368 3061 493 3149 aliquis
515 3061 633 3128 florum
657 3064 793 3128 istorum
815 3068 1047 3142 marcesceret,
1078 3069 1083 3077 '

40 3139 209 3209 deberent
230 3143 388 3210 reflorere
417 3167 478 3232 per
509 3145 768 3230 poenitentiam,
803 3145 889 3211 siout
913 3144 980 3222 illi,
1004 3141 1046 3206 de

42 3227 172 3310 quibus
193 3227 391 3316 Apostolus:
424 3227 607 3294 (invisus
643 3251 729 3293 sum
760 3227 1045 3309 vehementer,

40 3384 339 3398 ·*—

76 3489 99 3559 ¹)
118 3491 173 3544 Jne.
192 3489 270 3556 213.
342 3489 447 3560 ²)Dist.
467 3489 509 3545 86.
528 3506 549 3542 e
570 3495 594 3545 1.
612 3519 644 3530 -
664 3490 687 3559 ³)
704 3492 767 3560 Gap.
786 3491 873 3555 2,,12,
891 3519 924 3530 -
943 3488 962 3553 ‘l
981 3489 1046 3540 [sai.

49 3625 52 3631 Ι
113 3557 157 3682 ἐξ,
184 3559 208 3612 1.
234 3587 263 3598 -
295 3558 318 3630 ⁵)
338 3562 430 3614 Matth.
448 3562 481 3622 2,
504 3559 547 3612 23.
576 3589 610 3598 -
636 3557 799 3628 ⁶)Oaut2‚
830 3559 855 3621 1,
880 3588 914 3598 -
940 3558 962 3628 ²)
981 3559 1048 3614 lsai.

151 3629 200 3695 ,5.
219 3627 452 3698 -unceltun
472 3627 513 3682 18.
829 3664 831 3670 r
