2462 4220
429 263 652 332 -1‘1324

34 439 138 498 ratae
159 429 357 498 admixtioni
378 431 560 500 servientes
587 429 841 520 propagationis
862 426 1041 495 articulant

32 534 78 596 in
108 553 207 596 usum
235 531 443 598 transferunt
471 529 667 617 voluptatis,
700 528 925 616 perpendant,
949 526 1039 610 quod

33 630 124 697 licet
147 639 243 696 extra
264 653 330 697 nou
346 639 476 710 exeant,
499 632 535 696 in
557 631 629 718 ipso
651 641 764 697 tamen
782 627 937 716 conjugio
961 648 1036 692 con-

29 730 130 820 jugii
147 732 228 818 jura
248 729 499 796 transcendunt.
542 729 641 795 Unde
663 749 799 794 necesse
823 737 888 807 est,
911 737 948 793 ut
969 747 1036 792 cre·

35 827 116 895 bris
129 827 377 896 exorationibus
396 826 421 916 ¹)
444 828 588 906 deleant,
611 828 698 915 quod
710 827 881 914 pulchram
896 825 1037 913 copulae

35 929 187 1013 speciem
217 925 376 995 admixtis
411 927 642 1012 voluptatibus
678 925 826 992 foedant.
867 925 956 990 Hinc
987 933 1039 991 est

35 1029 141 1108 enim,
163 1027 252 1115 quod
262 1031 390 1116 peritus
405 1027 591 1092 medicinae
607 1026 760 1093 coelestis
777 1025 958 1113 Apostolus
971 1047 1037 1090 non

32 1137 109 1192 tam
124 1149 224 1194 sanos
239 1129 392 1208 instituit,
416 1151 514 1216 quam
529 1127 668 1192 infirmis
682 1123 923 1192 medicamenta
944 1145 1036 1189 mon-

35 1228 170 1306 stravit,
195 1224 328 1293 dicens:
362 1227 423 1292 De
454 1227 610 1312 quibus
639 1226 888 1314 scripsistis
922 1221 1037 1288 mihi:

30 1327 190 1391 Bonum
214 1335 276 1392 est
301 1326 457 1392 homini
486 1325 710 1391 mulierem
740 1347 818 1391 non
841 1334 1032 1407 tangere:

33 1434 210 1512 propter
235 1425 563 1492 fornicationem
585 1435 719 1490 autern
740 1423 1035 1510 unusquisque

32 1545 152 1590 suam
173 1525 333 1591 habeat
353 1546 538 1605 uxorem,
561 1536 602 1592 et
623 1545 901 1612 unaquaeque
925 1541 1036 1588 suum

28 1626 177 1689 virum
201 1622 373 1690 habeat.
390 1626 415 1708 ²)
461 1623 529 1704 Qui
554 1625 642 1690 enim
657 1623 890 1691 fornicationis
912 1633 1036 1687 metum
1113 1679 1117 1686 .

28 1724 217 1810 praemisit,
238 1723 385 1812 profecto
407 1745 470 1790 non
497 1724 663 1790 stantibus
678 1735 894 1811 praeceptum
917 1731 1032 1787 contu·

28 1821 90 1904 lit3
124 1819 183 1887 sed
206 1845 248 1888 ne
271 1823 414 1888 fortasse
445 1824 480 1888 in
502 1833 628 1887 terram
648 1831 801 1901 ruerent,
835 1822 957 1888 lectum
979 1841 1034 1886 ca·
1065 1851 1071 1869 ·

29 1920 195 1987 dentibus
217 1921 370 1990 ostendit.
414 1920 513 1987 Unde
543 1921 652 1986 adhue
681 1921 927 1986 infirmantibus
960 1919 1038 1984 sub·

31 2019 136 2087 didit:
159 2021 297 2088 Uxori
319 2024 382 2090 vir
405 2021 594 2088 debitum
615 2019 787 2100 reddat,
819 2017 1038 2085 similiter

29 2131 77 2185 et
98 2143 204 2186 uxor
226 2124 323 2187 viro.
343 2122 371 2208 3)
417 2121 549 2202 Quibus
571 2121 648 2187 dum
671 2122 706 2186 in
724 2141 846 2204 magna
857 2118 1034 2183 honestate

31 2220 185 2305 conjugii
207 2220 335 2307 aliquid
364 2222 404 2287 de
427 2222 600 2309 voluptate
630 2221 829 2311 largiretur,
864 2217 1035 2304 adjunxit:

29 2318 119 2382 Hoc
146 2327 283 2384 autem
313 2319 407 2386 dico
444 2319 672 2386 secundum
701 2318 1034 2405 indulgentiam,

30 2439 111 2482 non
135 2418 356 2484 secundum
383 2419 643 2508 imperiumst)
688 2419 800 2506 Culpa
813 2420 937 2504 quippe
959 2435 1033 2480 esse

30 2516 195 2596 innuitur,
218 2518 308 2603 quod
329 2519 501 2604 indulgeri
519 2517 731 2607 perhibetur3
755 2517 812 2584 sed
827 2539 914 2606 quae
938 2523 1032 2580 tanto

30 2615 132 2680 citius
154 2613 335 2698 relaxetur,
359 2630 484 2706 quanto
505 2641 569 2683 non
594 2641 654 2706 per
675 2616 929 2683 hancillicltum
952 2609 1034 2701 quid

30 2714 161 2798 agitur,
184 2713 242 2779 sed
264 2715 342 2796 hoc,
366 2718 454 2804 quod
477 2729 527 2792 est
548 2718 691 2800 licitum,
722 2716 783 2782 sub
805 2715 1030 2782 moderamine

30 2833 100 2878 non
123 2821 266 2880 tenetur.
311 2814 409 2895 Quod
437 2815 523 2881 bene
544 2816 631 2882 Loth
651 2817 687 2882 in
710 2815 887 2900 semetipso
916 2813 1029 2899 expri-

29 2912 102 2995 mit,
127 2913 187 3000 qui
211 2913 382 2980 ardentem
405 2913 579 2980 Sodomam
602 2913 741 3002 fugite)
764 2915 824 2980 sed
845 2927 958 2980 tamen
973 2912 1031 2978 Se·

98 3129 167 3182 vitae
185 3131 327 3199 societate,
344 3131 439 3186 officiis
457 3138 535 3201 atque
553 3147 601 3202 cpe
619 3137 722 3197 mutua,
740 3147 817 3200 quam
836 3132 886 3185 sibi
905 3131 1031 3202 conjugae

97 3215 212 3268 invicem
236 3221 368 3286 praestant
391 3221 418 3272 in
441 3233 470 3272 re
494 3219 637 3272 domestica
659 3219 866 3272 administranda
895 3223 974 3284 atquo
1001 3219 1030 3270 in

97 3300 168 3356 vitas
179 3301 349 3358 incommodis
361 3303 468 3358 sanlius
479 3303 646 3373 perferendis.
676 3304 781 3358 'l'ertius
798 3303 963 3370 matrimonii,
982 3318 1032 3358 sen

97 3387 185 3454 potius
203 3389 409 3442 contrahentium
429 3389 489 3444 linis
511 3397 551 3444 est
568 3390 698 3443 sedandae
723 3388 948 3458 concupiscentiae
966 3403 1030 3456 pro·

96 3471 227 3540 positum,
245 3479 274 3526 ut
290 3473 327 3527 sit
343 3481 433 3528 contra
456 3480 590 3544 peccatum
614 3475 764 3528 remedium.
799 3475 833 3526 Et
850 3474 881 3527 de
901 3474 951 3527 hoo
967 3487 1030 3528 mox

96 3554 168 3610 infra
177 3557 303 3612 concinne
311 3558 423 3613 Sanoua
431 3559 553 3615 Pontifex
570 3565 672 3614 tractat.
682 3589 716 3604 «-
728 3563 747 3624 ¹)
764 3559 830 3614 Alit.
839 3566 869 3612 ut
878 3558 975 3612 crebris
984 3573 1031 3614 ex-

95 3643 609 3712 hortationibusmouoautur,utdelleant
617 3649 685 3716 quod
695 3653 741 3700 ete.
750 3673 785 3684 -
795 3644 820 3713 ²)
831 3649 853 3701 t.
862 3645 920 3698 (tor.
931 3647 955 3711 7,
970 3645 995 3700 1“.
1004 3646 1031 3699 2

53 3726 118 3793 Ἥ.
144 3728 205 3784 (lor.
232 3731 261 3794 l,
287 3727 314 3784 3.
342 3755 373 3768 -
401 3728 426 3798 ⁴)
446 3731 469 3785 l.
488 3731 547 3785 (lor.
566 3732 643 3797 7,c.
668 3759 699 3772 -
728 3730 834 3801 ‘teon
853 3729 960 3800 taen
