2468 4218
571 185 793 254 ...146-

185 357 478 425 murmurationem
499 364 676 442 proruunt,
698 352 757 420 sed
778 362 917 440 cogente
941 351 1105 438 seinopis
1125 375 1174 418 ns·

67 541 69 546 Ι
187 481 252 547 que
285 457 328 523 ad
354 454 529 522 avaritiam
559 451 789 520 devolvuntur.
842 452 936 535 Quid
958 473 1039 537 ergo
1068 473 1176 518 eorum

185 568 295 624 mente
318 555 505 638 infelicius,
539 549 664 643 quibus
686 553 727 618 de
749 551 907 640 largitate
928 555 1081 618 nascitur
1103 572 1174 616 ava·

185 658 276 740 ritla,
301 663 335 720 et
359 664 570 742 peccatorum
593 676 690 740 seges
709 653 807 741 quasi
828 674 871 716 ex
893 653 1017 718 virtute
1040 654 1175 718 semina·

177 747 264 824 tur?
301 753 402 820 Prius
431 755 544 840 itaque
573 750 771 820 admonendi
793 761 887 834 sunt,
917 761 956 817 ut
984 761 1099 818 tenere
1122 773 1175 818 sna

185 852 428 921 rationabiliter
450 855 570 935 sciant,
593 861 627 918 et
649 861 729 917 tunc
751 852 897 935 demum,
922 861 959 918 ut
980 851 1095 918 aliena
1116 873 1175 918 non

187 953 345 1021 ambiant
396 951 432 1019 Si
459 953 545 1018 enim
575 951 672 1018 radix
701 950 821 1040 culpae
849 954 884 1018 in
918 952 992 1039 ipsa
1022 950 1174 1018 effusione

184 1075 254 1120 uon
276 1055 444 1136 exuritur,
469 1073 651 1138 numquam
673 1073 733 1140 per·
754 1072 865 1116 ramos
888 1049 1079 1116 exuberans
1101 1073 1176 1116 svs·

184 1153 282 1220 ritiae
305 1153 403 1242 spina
426 1153 579 1218 siccatur.
624 1149 763 1218 Occasio
778 1173 857 1236 ergo
872 1150 1026 1240 rapiendi
1050 1149 1176 1216 subtra-

184 1255 289 1336 hitur,
304 1255 333 1318 si
351 1251 438 1318 bene
453 1253 547 1340 prius
564 1253 623 1341 jus
642 1249 835 1339 possidendi
850 1249 1055 1336 disponatur.
1087 1249 1176 1316 'l'unc

178 1353 264 1420 ‘voro
287 1351 618 1434 admonitiaudiant,
641 1349 802 1438 quomodo
823 1347 1060 1438 quaebabent,
1085 1351 1175 1414 mise·

185 1452 357 1519 ricorditer
378 1449 545 1532 tribuant,
577 1449 710 1536 quando
734 1450 887 1514 nimirum
915 1447 1123 1534 didicerunt,
1145 1459 1176 1512 ut

184 1549 274 1616 bona
296 1547 540 1616 misericordiae
569 1571 629 1635 per
659 1549 866 1636 interjectam
898 1549 1043 1635 rapinae
1064 1549 1175 1637 neqni-

183 1649 267 1743 tiam
297 1669 364 1716 non
391 1647 606 1714 confundant.
656 1646 830 1713 Violenter
866 1647 952 1713 enim
987 1649 1174 1735 exquirant,

187 1771 274 1840 qnae
302 1747 559 1814 misericorditer
589 1746 790 1834 largiuntur.
834 1745 900 1814 Sed
927 1745 1021 1814 aliud
1051 1758 1105 1814 est
1124 1768 1175 1836 pro

185 1851 336 1940 peccatis
347 1847 607 1916 misericordiam
618 1848 740 1932 facere,
765 1846 857 1913 aliud
873 1871 933 1936 pro
956 1847 1176 1914 misericordis

185 1947 339 2016 facienda
360 1969 517 2037 peccare3
541 1970 627 2036 quae
639 1950 712 2036 jam
726 1970 940 2036 nequaquam
957 1945 1177 2014 misericordis

186 2049 373 2136 nuncupari
394 2057 514 2133 potest,
539 2048 618 2135 quia
641 2044 685 2113 ad
707 2046 838 2113 dulcem
855 2047 996 2114 fructum
1018 2069 1087 2112 non
1110 2067 1176 2134 pro·

185 2149 274 2234 ficit,
312 2169 399 2236 quae
427 2168 488 2230 per
517 2147 611 2214 virus
639 2147 818 2234 pestiferae
846 2145 968 2212 radicis
997 2147 1177 2212 amarescit

182 2246 273 2314 ilinc
295 2258 346 2313 est
367 2249 473 2339 enim,
497 2247 586 2334 quod
609 2247 682 2334 ipsa
715 2249 815 2313 etiam
835 2241 1004 2312 ¹sacrificia
1026 2269 1087 2332 per
1109 2267 1177 2334 pro·

186 2346 320 2438 phetam
342 2347 508 2413 Dominus
529 2343 698 2434 reprobat,
723 2347 854 2414 dicens:
877 2347 961 2432 Ego
984 2346 1177 2414 Dominus

185 2441 374 2534 diligens
393 2446 615 2534 judicium,
639 2455 678 2511 et
699 2446 793 2514 odio
814 2444 973 2514 habens
995 2447 1178 2534 rapinam

185 2549 227 2614 in
249 2545 511 2612 holocausto.
533 2544 558 2632 ¹)
601 2545 689 2628 Hinc
720 2547 838 2612 iterum
866 2547 969 2612 dixit:
998 2543 1177 2612 Hostiae

186 2646 407 2734 impiorum
436 2644 767 2728 abominabiles,
799 2669 909 2734 quae
938 2645 1178 2714 offeruntur

188 2769 241 2811 ex
271 2743 444 2810 scelere.
459 2742 486 2832 ²)
513 2743 598 2828 ⁴Qui
620 2768 721 2832 saepe
745 2767 877 2834 quoque
901 2754 934 2810 et
957 2743 1179 2830 indigentibus

187 2841 417 2928 subtrahunt,
432 2865 519 2930 quae
541 2843 616 2910 Deo
639 2843 840 2930 largiuntur.
886 2843 952 2910 Sed
978 2856 1108 2932 quanta
1130 2865 1180 2910 eos

76 2942 77 2945 '
98 2967 103 2980 ‘
188 2941 478 3012 animadversione
499 2955 631 3024 renuat,
655 2965 714 3031 per
728 2944 900 3030 quemdam
919 2946 1104 3031 sapientem
1117 2945 1177 3011 Do·

186 3045 296 3111 minus
324 3040 545 3122 demonstrat,
574 3042 704 3110 dicens:
742 3041 822 3123 Qui
848 3042 980 3110 offert
1009 3044 1178 3110 sacrifi·

187 3141 294 3212 'oium
322 3138 372 3207 do
407 3140 659 3208 substantia
687 3143 918 3231 pauperis,
954 3143 1079 3232 quasi
1115 3142 1178 3230 qui

188 3243 382 3313 victimat
407 3240 549 3310 filium
577 3243 618 3307 in
647 3253 871 3330 conspectu
899 3243 1045 3329 patris
1069 3246 1142 3312 sui.
1156 3237 1178 3330 ³)

189 3341 280 3424 Quid
301 3363 446 3430 namque
469 3337 543 3406 esse
565 3339 813 3408 intolerabilius
829 3351 949 3430 potest,
975 3365 1074 3430 quam
1097 3363 1178 3409 mors

188 3441 252 3509 filii
262 3448 340 3508 ante
353 3439 465 3508 oculos
478 3437 611 3526 patris?
629 3441 702 3510 Hoc
713 3443 829 3530 itaque
841 3442 1039 3510 sacrificium
1058 3451 1178 3532 quanta

192 3580 494 3600 m

213 3651 243 3738 ¹)
260 3652 326 3722 1⁸⁸⁵.
343 3650 386 3719 ⁶¹,
404 3647 429 3704 ⁸·
447 3677 481 3706 —.-
500 3649 522 3722 ἰ
540 3652 616 3708 aa.
635 3653 676 3723 rr,
695 3655 738 3711 ιι,
758 3683 787 3694 -
808 3654 828 3720 ¹>
847 3655 928 3710 secu.
947 3654 989 3725 as,
1007 3655 1048 3708 ιι.
