2462 4220
549 253 775 322 ..230-

163 429 235 485 tum
263 441 347 485 onus
375 428 518 504 portant.
561 417 604 482 In
631 415 770 483 basibus
798 437 877 502 crgo
901 417 1085 484 Cherubim
1108 439 1165 482 ex·
1218 433 1219 440 ¹

163 503 371 587 primuntur3
400 501 480 586 quia
502 500 597 565 decet
616 500 791 582 nimirum,
816 512 854 565 ut
876 502 1086 565 sacerdotum
1108 522 1164 586 pe·

163 594 255 649 ctoru
278 581 489 668 plenitudine
512 583 672 646 scientiae
695 583 762 647 sint
783 584 917 647 referta.
961 583 1027 648 Per
1050 581 1164 648 leones
1218 621 1219 638 ι

163 676 273 729 autem
300 677 406 730 terror
438 665 641 745 severitatis,
673 687 734 750 per
760 665 864 730 boves
890 687 970 730 vero
997 665 1166 750 patientia

164 747 432 813 mansuetudinis
452 747 628 831 figuratur.
658 747 779 832 ltaque
801 748 836 811 in
859 745 997 811 basibus
1018 745 1166 810 necleo·
1218 767 1219 812 1

161 853 222 894 nes
245 831 318 893 sine
348 827 510 908 bovibus,
545 849 607 892 nec
633 827 737 894 boves
767 831 838 894 sine
867 828 1019 893 leonibus
1049 828 1166 914 expri-

161 923 311 976 muntur:
334 913 414 997 quia
437 931 566 992 semper
587 913 621 974 in
638 911 841 977 sacerdotali
856 923 987 994 pectore
1005 931 1081 974 cum
1100 922 1165 973 ter·

162 1013 239 1058 rore
262 995 453 1058 severitatis
480 993 640 1057 custodiri
669 993 769 1057 debet
796 995 903 1058 virtus
932 994 1165 1058 mansuetudi-

161 1078 229 1140 nis:
251 1087 287 1139 ιιι
309 1087 343 1140 et
364 1079 449 1140 iram
462 1075 684 1139 mansuetudo
699 1077 848 1157 condiat,
873 1089 905 1141 et
918 1074 1056 1139 eandem
1068 1095 1165 1138 man·

161 1157 395 1241 suetudinem,
426 1179 468 1222 ne
489 1155 633 1222 fortasse
656 1157 818 1223 dissoluta
842 1160 899 1240 sit,
935 1158 1025 1222 zelus
1047 1157 1165 1221 distri·

160 1241 279 1306 ctionis
302 1239 476 1306 accendat.

224 1325 274 1390 13.
305 1322 373 1387 Sed
393 1323 459 1386 ista
481 1342 540 1384 cur
557 1319 737 1420 loquimur,
759 1343 834 1386 cum
857 1321 1165 1407 adhucplerosque

162 1405 300 1490 gravari
327 1405 427 1469 factis
455 1402 677 1468 atrocioribus
706 1403 905 1469 videamus?
941 1402 1045 1468 Vobis
1074 1406 1166 1467 enim

163 1485 395 1552 sacerdotibus
417 1485 537 1568 lugens
560 1485 697 1571 loquor,
723 1487 802 1572 quia
816 1485 999 1552 nonnullos
1012 1493 1167 1549 vestrum

162 1592 235 1634 curn
259 1569 415 1654 praemiis
436 1568 547 1632 faeere
569 1567 799 1632 ordinationes
822 1569 1035 1652 agnovimus,
1063 1568 1165 1666 spiri-

161 1650 287 1717 tualem
309 1652 453 1734 gratiam
475 1647 642 1732 vendere,
666 1660 698 1712 ct
720 1650 761 1715 de
783 1649 901 1714 alienis
926 1650 1166 1734 iniquitatrbus

163 1755 237 1798 cunr
260 1734 391 1818 peccati
412 1732 533 1796 damno
555 1731 754 1817 temporalia
773 1732 1056 1798 lucracurnuiare.
1097 1731 1166 1798 Cur

164 1837 245 1898 ergo
267 1815 310 1878 ad
330 1815 520 1880 memoriam
544 1825 690 1879 vestrum
706 1837 773 1879 non
787 1814 888 1897 redit,
911 1817 1000 1902 quod
1014 1837 1083 1879 vox
1097 1814 1166 1880 Do·

163 1900 286 1962 minius
322 1897 532 1984 praecipiens
574 1896 671 1962 dicit:
730 1894 878 1976 Gratis
914 1897 1165 1982 accepistis,

162 1981 305 2066 gratis
334 1978 437 2044 date.
460 1975 485 2062 ¹)
530 1979 599 2044 Cur
626 2001 693 2044 non
720 1989 798 2043 ante
822 1982 943 2044 mentis
972 1978 1088 2045 oculos
1118 2001 1167 2043 re·

163 2065 290 2128 vocatis
302 2111 311 2142 ,
346 2062 436 2147 quod
458 2061 614 2146 templum
636 2061 815 2126 Redemtor
840 2073 953 2126 noster
976 2063 1166 2146 ingressus,

163 2144 340 2210 cathedras
361 2141 579 2208 vendentium
603 2141 774 2208 columbas
797 2147 937 2226 evertit,
962 2157 995 2210 et
1012 2165 1166 2209 nummu·

166 2227 324 2292 lariorum
348 2225 465 2290 effudit
485 2223 605 2306 aes?²)
630 2224 699 2304 Qui
720 2247 866 2312 namque
889 2239 968 2292 sunt
988 2229 1023 2292 in
1039 2226 1167 2372 templo

164 2310 231 2374 Dei
253 2308 353 2374 hodie
374 2309 433 2394 qui
454 2305 625 2404 columbas
647 2307 813 2390 venduut,
838 2309 904 2374 nisi
919 2312 977 2406 qui
994 2313 1029 2372 in
1046 2309 1119 2372 Ecc
1134 2331 1166 2373 e·
1217 2325 1218 2384 ι

164 2394 215 2457 sia
237 2393 381 2479 pretium
410 2388 452 2454 de
482 2392 692 2475 impositione
721 2411 841 2456 manus
864 2391 1056 2478 acc1piunt?
1100 2391 1167 2455 Per
1217 2389 1218 2448 i

165 2495 265 2560 quarn
288 2471 442 2538 videlicet
462 2473 506 2536 im
533 2472 704 2538 ositionem
729 2471 752 2536 S
777 2475 874 2540 iritus
904 2486 1039 2540 sanctus
1059 2473 1165 2538 caeli·

163 2567 217 2621 tus
241 2557 351 2621 datur.
396 2494 558 2620 columba
581 2574 660 2638 ergo
676 2577 740 2620 ven
767 2557 852 2638 itur,
877 2561 955 2643 quia
971 2577 1091 2620 manus
1107 2557 1166 2620 im·

163 2641 298 2725 positio,
322 2659 382 2724 per
398 2635 535 2722 quamS
562 2638 661 2700 iritus
676 2650 813 2704 sanctus
831 2642 1004 2726 accipitur,
1028 2637 1068 2702 ad
1115 2659 1165 2702 re·

162 2723 245 2786 tium
280 2719 471 2806 praebetur.
527 2657 593 2783 ded
628 2719 807 2787 Redemtor
841 2733 954 2788 noster
987 2659 1167 2787 cathedras

164 2803 381 2867 vendentium
404 2799 576 2867 columbas
599 2803 737 2882 evertit3
769 2806 850 2889 quia
870 2803 986 2869 talium
1016 2807 1169 2887 negotia-
1216 2871 1217 2880 χ

162 2896 271 2951 torum
288 2885 508 2950 sacerdotium
526 2883 677 2950 destruit
700 2886 853 2952 Hincest
871 2889 956 2951 enim
973 2883 1060 2971 quod
1077 2885 1169 2952 sacri

165 2969 322 3035 Oenones
337 2965 560 3031 Simoniacam
584 2968 749 3032 haeresim
770 2965 941 3049 damnant,
965 2975 998 3033 et
1018 2989 1074 3032 eos
1099 2971 1168 3056 pri·
1216 2951 1217 3022 i

163 3054 241 3116 vari
263 3051 448 3116 sacerdouo
469 3050 703 3136 praecipiunt,
753 3053 787 3116 ui
810 3051 850 3115 dc
872 3049 1053 3135 largiendis
1076 3052 1168 3117 ordi·

163 3134 265 3200 nibus
288 3133 432 3220 pretium
456 3144 631 3216 quaerunt.
656 3131 682 3220 ὀ)
728 3071 898 3200 dathcdra
920 3155 1001 3218 ergo
1016 3134 1167 3199 venden-

163 3219 247 3282 tium
270 3213 444 3282 columbas
467 3217 647 3295 evertitur,
680 3215 815 3300 quando
837 3217 872 3280 hi
900 3221 959 3303 qui
985 3217 1167 3302 spiritalem

164 3301 309 3384 gratiam
330 3295 538 3376 venundant,
563 3298 618 3363 vel
640 3308 719 3362 ante
736 3299 911 3380 humanos,
935 3297 990 3363 vel
1007 3309 1085 3364 ante
1102 3299 1168 3362 Dei

164 3383 279 3448 oculos
301 3376 486 3445 sacerdotio
510 3381 695 3463 privantur.
738 3381 783 3447 Et
806 3381 939 3468 quidem
961 3381 1063 3445 multa
1087 3391 1168 3446 sunt

164 3465 236 3530 alia
257 3462 524 3551 praepositorum
546 3463 655 3543 mala,
679 3485 767 3549 quae
789 3464 951 3530 humanos
972 3462 1066 3530 modo
1088 3486 1166 3530 ocu·

200 3657 393 3792 'dgffitfflr
412 3657 438 3712 Β·
457 3687 491 3698 ··
527 3657 550 3726 ²)
569 3660 644 3712 Joan.
662 3657 693 3727 2,
712 3659 737 3713 1.
755 3659 781 3716 2.
799 3689 832 3699 -
866 3657 887 3728 ι)
904 3657 969 3712 Alit.
987 3659 1100 3728 pretium
1118 3673 1166 3712 ac·
1215 3677 1216 3692 ι
