2462 4220
420 301 424 306 .
547 289 587 306 ..
629 255 691 324 136
732 289 771 310 ..

163 433 330 513 quotenne
358 422 535 490 utilitatem
563 426 722 492 tristitiae
751 410 945 508 subtrahat,
975 435 1064 491 reete
1083 425 1164 494 illle

165 523 381 612 adjungitur:
416 522 712 612 Tristemque
745 519 981 602 blanditiis
1011 523 1162 590 delini·

54 639 57 646 '
165 625 237 690 vit
254 621 281 706 ¹)
324 619 424 688 Modo
455 619 542 686 enim
575 622 718 689 aliorum
745 624 838 690 faeta
866 625 1033 711 graviora,
1060 624 1163 692 modo

163 723 212 790 nil
233 741 325 803 esee,
349 719 438 808 quod
459 732 689 810 perpetratum
712 733 776 808 eet,
797 723 892 791 modo
912 719 1163 790 misericordem

163 821 277 888 Deum
297 819 461 906 loquitur,
484 822 579 888 modo
602 822 711 894 adhue
731 832 861 910 ternpus
883 823 1097 907 subsequens
1119 821 1163 886 ad
1223 855 1224 860 κ

163 921 401 1007 poenitentiam
429 920 621 1007 pollicetur,
650 933 689 988 ut
715 923 794 988 dum
822 943 882 1010 per
908 922 992 988 haee
1016 921 1163 1008 decepta

163 1040 258 1083 nene
280 1017 430 1102 ducitur,
457 1019 500 1084 ab
522 1021 704 1088 intentione
726 1023 951 1110 poenitentiae
969 1021 1163 1108 enspenda·

162 1125 232 1183 tir:
253 1128 420 1205 quatenns
442 1130 522 1185 tunc
542 1120 631 1187 bona
652 1121 746 1188 nulle
767 1123 924 1211 recipiat,
946 1141 1045 1207 quam
1065 1141 1163 1186 nnnc

161 1217 252 1281 mula
273 1217 369 1282 nullo
384 1220 595 1302 contristant3
619 1230 650 1284 et
664 1229 743 1286 tuno
753 1220 886 1307 plenius
904 1219 1063 1286 obruatur
1080 1241 1161 1305 anp-

161 1315 286 1402 plieiia,
312 1340 399 1404 quae
422 1321 631 1385 nuncetiam
653 1319 778 1405 gaudet
799 1321 834 1384 in
856 1318 994 1386 delictis.
1011 1319 1038 1406 ²)

224 1415 271 1482 At
292 1425 408 1482 contra
437 1418 635 1485 admonendi
658 1429 753 1501 sunt,
790 1419 847 1503 qui
869 1429 1008 1504 peccata
1031 1418 1160 1502 cogita-

161 1517 289 1582 tionum
311 1516 445 1599 deflent,
469 1527 506 1582 ut
528 1518 664 1584 sollicite
697 1517 908 1584 considerent
927 1519 1017 1584 intra
1037 1519 1161 1583 mentia

162 1637 288 1681 arcana
315 1626 427 1682 utrum
456 1617 676 1683 delectatione
708 1618 952 1699 tantummodo,
982 1639 1026 1681 an
1056 1617 1160 1681 etiam

163 1735 326 1784 censensu
361 1715 568 1800 deliquerint.
618 1717 821 1804 Plerumque
852 1721 939 1782 enim
966 1725 1119 1781 tentatur
1133 1716 1159 1800 ³)

162 1833 231 1895 eor,
254 1823 287 1878 et
309 1816 474 1879 excarnis
497 1817 648 1902 nequitia
663 1816 855 1897 delectatur,
879 1825 1034 1880 ettamen
1049 1813 1159 1879 eidem

161 1913 334 1998 nequitiae
355 1935 397 1978 cx
417 1916 548 1980 ratione
569 1916 741 1996 renititur,
770 1923 809 1980 nt
830 1915 864 1979 in
887 1923 1012 1980 eeoreto
1037 1916 1162 1998 cogita·

162 2012 265 2078 tionis
287 2023 319 2076 et
340 2015 524 2094 contristet,
547 2013 754 2101 quodlibet,
780 2024 814 2080 et
834 2014 948 2098 libeat,
971 2011 1059 2099 quod
1081 2033 1159 2078 oon·

160 2112 284 2180 trietat.
327 2111 576 2199 Nonnunquam
602 2135 681 2180 vero
707 2115 755 2179 ita
775 2135 870 2178 mene
890 2113 1027 2180 baratro
1050 2122 1160 2180 tenta·

163 2210 264 2276 tionis
294 2209 510 2291 absorbetur,
540 2218 578 2276 nt
603 2198 799 2278 nullatenus
830 2215 1012 2296 renitatur,
1036 2210 1159 2278 sodex

162 2307 404 2374 deliberatione
434 2310 587 2395 sequitur
617 2312 700 2394 hoc,
741 2311 830 2378 unde
864 2333 907 2378 ex
940 2311 1159 2378 delectatione

161 2407 330 2497 pulsatur,
352 2416 385 2472 et
406 2409 434 2472 si
444 2407 589 2474 facultas
601 2413 747 2477 exterior
758 2420 927 2498 suppetat,
950 2430 1063 2478 rerum
1082 2431 1158 2476 mox

161 2506 335 2572 effectibus
351 2504 379 2592 l)
402 2507 562 2573 interiora
590 2519 667 2576 vota
689 2521 904 2576 consummat.
948 2508 1047 2588 Quod
1068 2509 1159 2574 vide·

117 2596 119 2602 ¹
163 2606 242 2674 lieet
263 2607 292 2672 ei
308 2609 404 2694 jueta
426 2606 671 2701 animadversio
700 2609 843 2675 districti
866 2607 990 2695 judicie
1012 2609 1159 2696 respicit,

161 2729 232 2772 non
261 2717 311 2772 eet
335 2707 407 2793 jam
434 2707 646 2792 cogitationis
678 2707 797 2796 eulpa,
832 2707 890 2773 aed
919 2708 1047 2794 oporie3
1080 2709 1160 2794 qnia

162 2805 230 2870 etei
250 2827 361 2876 rerum
373 2804 515 2871 tarditas
526 2806 619 2872 foras
641 2818 813 2891 peccatum
831 2805 972 2889 distulit,
996 2807 1086 2873 intua
1103 2806 1162 2874 hoo

161 2904 392 2970 wnaeueionia
413 2927 514 2992 opere
532 2903 687 2972 voluntas
711 2905 870 2993 implevit.

169 3042 173 3048 ·
226 3002 269 3068 In
289 3003 396 3088 primo
418 3014 530 3071 eutem
557 3014 697 3090 parente
725 3003 918 3088 didicimus,
949 3007 1029 3093 quia
1053 3004 1162 3071 tribua

163 3101 270 3172 medie
291 3105 396 3170 omnia
418 3101 536 3190 eulpae
558 3105 744 3191 nequitiam
764 3101 1010 3193 perpetrantur,
1039 3123 1161 3190 segge-

232 3350 302 3405 alioe
319 3361 417 3414 aaaron,
436 3363 461 3400 v.
479 3360 506 3413 g.
524 3343 550 3400 S.
568 3347 689 3404 Ambros.
705 3349 752 3402 lib.
772 3349 796 3401 1.
815 3350 846 3402 de
862 3347 992 3417 Virginib.
1019 3348 1159 3415 „Cerneres

231 3435 361 3504 trepidare
378 3431 532 3499 cautam,
551 3434 627 3500 quari
644 3435 700 3502 ipse
717 3435 884 3498 addictae
902 3433 1022 3488 fuisset.“
1058 3433 1155 3489 axen-

168 3577 170 3584 ,
231 3521 303 3590 ulum
321 3531 425 3588 quoque
443 3515 525 3581 habea
542 3533 604 3586 neg„
622 3518 665 3576 68.
684 3520 765 3590 hujus
783 3521 870 3590 operia
889 3521 937 3583 lin.
954 3521 1010 3586 26..

72 3647 74 3652 ¹
189 3620 395 3688 traducatis&
420 3643 456 3669 a·
481 3618 503 3687 ²)
524 3620 589 3676 Alit.
602 3621 634 3678 iu
651 3621 761 3678 deficite.
788 3649 821 3676 ⁴.-
851 3621 875 3688 θ)
891 3622 1110 3681 ntu.m=n.
1127 3647 1157 3658 ·-

164 3726 174 3751 i
227 3704 340 3776 Quid»
356 3705 501 3760 ὠὴ..
559 3736 589 3753 ⁴1
681 3732 694 3746 ·¹
854 3727 858 3739 ¹
951 3740 955 3753 .
