2462 4220
552 239 778 313 ..ffl-

168 399 284 473 muudi
313 409 488 470 nascentes
516 424 560 470 ex
581 404 739 492 conjugio
765 405 1055 493 reputacione:
1081 406 1170 476 Hoc

168 499 463 571 adutilitatem
477 514 661 573 vestram
679 503 785 588 dico,
804 527 885 575 nou
903 517 948 572 ut
963 506 1168 594 laqueum

168 599 298 670 vobis
319 601 535 688 injiciam:
557 603 629 672 sed
651 604 702 673 ad
723 604 783 688 id,
805 606 920 692 quod
940 604 1166 684 honestum

169 710 264 786 exst,
295 701 484 788 siquod
516 701 797 771 facultatem
827 703 1165 790 praebeatsine

168 791 482 888 impedimento
514 797 697 872 Domino
724 802 1024 872 observiendi
1045 803 1071 892 ¹)
1113 805 1166 872 Ex
1221 855 1222 864 ι

166 948 460 968 muna—...-

238 1057 296 1095 cum
315 1044 373 1112 ipse
390 1043 490 1097 Paulus
515 1045 671 1112 praescribit
687 1046 719 1096 ad
738 1045 788 1098 i'it.
807 1046 829 1113 1,
848 1044 878 1098 8:
904 1045 1058 1114 Oportet
1084 1048 1167 1116 Epi·

239 1143 375 1198 scopum
393 1129 566 1198 (quouomine
583 1137 608 1184 et
620 1131 760 1206 Presbyter
767 1133 999 1200 comprehenditur,
1018 1131 1067 1187 eir.
1085 1134 1168 1190 Tiriu.

238 1217 269 1266 nd
291 1215 404 1284 Philipp.
424 1217 447 1283 1,
467 1216 501 1277 1.)
519 1219 754 1271 coutinentem
773 1232 873 1286 essc;
900 1217 1004 1286 („etiam
1022 1218 1057 1272 ab
1077 1222 1167 1274 uxoris

237 1303 376 1370 amplexu“
394 1301 475 1370 iuquit
492 1303 529 1356 ibi
548 1303 573 1356 S.
591 1303 726 1371 Hierony.)
748 1309 773 1358 et
792 1303 815 1356 1.
834 1305 899 1357 Tim.
917 1303 942 1372 3,
961 1304 993 1358 8:
1020 1304 1169 1374 Oportet

238 1388 407 1440 Diaconos
426 1389 578 1456 pudicos
605 1394 748 1454 csse3ot
765 1391 791 1442 2.
810 1391 872 1442 Tim.
891 1391 915 1456 2,
933 1390 963 1444 4:
984 1391 1165 1444 Narnomi-

237 1473 359 1524 lituus
377 1475 451 1524 Deo
477 1475 635 1542 implicat
657 1490 693 1528 sc
717 1477 870 1544 nogotiis
896 1477 1165 1542 saecularibus,

238 1559 327 1627 qualia
344 1561 449 1626 nuptias
461 1573 519 1613 esse
537 1565 562 1613 ct
579 1575 617 1627 ca,
636 1576 701 1629 quae
719 1563 824 1630 nuptias
839 1569 989 1631 sequuntur,
1007 1579 1085 1616 nemo
1103 1579 1166 1632 pru-

238 1643 302 1696 dens
320 1643 416 1696 influis
436 1645 491 1698 ibit.
528 1647 598 1714 Quin
617 1648 693 1699 immo
711 1649 739 1699 in
755 1649 841 1701 Veteri
852 1648 921 1715 Lege
939 1649 1004 1701 arico
1014 1647 1167 1702 Sacerdotes

238 1735 263 1783 et
280 1731 386 1784 Levitae
408 1731 567 1801 jubebantur
586 1748 614 1786 sc
632 1733 762 1788 abstinere
783 1733 817 1787 ab
835 1735 963 1786 uxoribus
981 1739 1034 1786 toto
1052 1740 1165 1803 tempora

237 1816 304 1868 vicis
327 1831 404 1885 suae,
432 1833 478 1871 seu
504 1819 640 1871 ministerii
665 1820 693 1871 iu
717 1819 825 1888 ternp103
852 1825 877 1872 et
900 1821 968 1886 quod
993 1821 1167 1888 ampliasset

237 1904 463 1971 eerrairleraudum,
489 1909 517 1956 ut
534 1905 624 1956 liceret
641 1905 774 1958 comedere
792 1920 872 1974 panas
890 1906 1092 1974 propositionis,
1121 1922 1163 1962 rc·

200 2035 201 2042 ,
237 1989 388 2056 quircbatur
405 1991 457 2042 istc
474 1991 640 2046 continentia.
677 1991 701 2044 1.
720 1991 784 2061 Reg.
802 1990 844 2058 21,
862 1989 887 2042 4.

287 2075 318 2128 Iu
337 2077 470 2144 primitiva
488 2077 589 2146 quidem
608 2076 742 2144 Ecclesia,
765 2077 833 2144 quod
851 2075 964 2130 coelibes
982 2079 1097 2131 rariores
1118 2093 1163 2130 cs-

236 2166 309 2229 scnt,
329 2163 442 2214 ordinari
461 2162 538 2215 ctiam
557 2162 673 2215 solebant
690 2162 825 2232 conjugati
843 2164 1004 2230 monogami3
1030 2169 1074 2216 ast
1091 2165 1163 2236 hisce

233 2253 294 2316 post
311 2253 446 2315 susceptos
463 2249 566 2301 ordines
586 2263 675 2301 sacros
698 2247 815 2317 conjugii
832 2263 882 2301 usu
900 2249 1083 2302 abstinendum
1101 2256 1163 2315 crat,

234 2337 264 2384 ut
280 2335 438 2386 unanimiter
456 2331 544 2388 Sancti
561 2335 653 2388 Patres
671 2339 809 2400 testantur,
828 2337 977 2404 intorques
995 2335 1024 2388 S.
1040 2337 1162 2405 Epipha-

234 2421 296 2472 nius
314 2421 415 2472 haeresi
434 2421 477 2474 59.
513 2420 621 2474 Graecis
638 2424 737 2487 autem,
764 2422 832 2488 spui
851 2436 916 2489 quos
942 2421 1088 2474 coelibatus
1108 2423 1163 2486 lex,

235 2520 302 2574 quac
337 2507 493 2575 Episcopus,
530 2506 700 2573 Presbyteros
735 2512 760 2558 et
794 2507 925 2560 Diaconos
960 2508 1163 2576 comprehenda-

234 2593 294 2659 bat,
324 2593 357 2644 ad
375 2597 488 2661 tempora
516 2591 570 2645 iera
588 2591 728 2644 Trullanae
745 2590 845 2660 Synodi
864 2593 934 2661 (692)
960 2609 976 2645 a
994 2591 1089 2660 Sergio
1107 2595 1162 2647 Ro-

234 2693 310 2731 mano
328 2677 452 2732 Pontifica
469 2677 633 2746 reprobatae,
652 2677 749 2745 riguit,
777 2684 869 2747 postea
886 2681 972 2747 quoad
990 2679 1162 2748 Presbyteros

235 2769 260 2816 ct
279 2765 410 2817 Diaconos
428 2764 557 2816 indultum
575 2769 621 2830 cst,
640 2769 670 2816 ut
686 2764 828 2832 uxoribus,
855 2765 962 2833 siquas
980 2771 1040 2818 ante
1057 2766 1162 2818 ordines

235 2853 370 2918 susceptos
388 2849 533 2918 duxissent,
551 2851 629 2903 etiarn
650 2856 708 2918 post
724 2857 870 2917 uterentur,
889 2853 926 2904 ita
944 2858 1037 2916 tamen,
1056 2857 1086 2904 ut
1102 2857 1164 2905 ante

235 2936 334 2989 Missae
352 2936 549 2990 celebrationem
559 2937 651 2990 saliem
669 2952 714 3005 per
730 2937 843 2989 triduum
855 2935 1003 2990 abstineant
1018 2937 1053 2990 ab
1071 2952 1163 2991 uxore.

235 3020 289 3076 Cir.
314 3023 403 3082 coust.
424 3025 468 3078 57.
491 3029 550 3076 tour.
578 3023 601 3074 1.
636 3023 988 3076 BuiiariiBeucdict.X1V.
1024 3025 1163 3091 Nunquam

193 3139 194 3147 ι
233 3125 294 3164 varo
312 3124 464 3164 concessum
483 3117 522 3162 est
540 3113 599 3178 post
616 3109 822 3161 sacras-ordines
841 3121 949 3162 uxorem
966 3109 1079 3176 ιιιιιιιις
1097 3109 1163 3175 quin

122 3177 124 3182 ’
168 3233 174 3240 -
231 3195 308 3250 ctiam
325 3195 443 3265 praefata
460 3194 617 3248 consumtis
638 3193 829 3246 matrimonium
848 3199 906 3263 poet
923 3195 1027 3248 ordines
1045 3192 1163 3248 Subuia·

233 3288 356 3348 conatus,
379 3281 539 3333 Diaconatus
566 3280 609 3334 vel
630 3280 832 3349 Presbyteratus
858 3284 1018 3334 contractum
1047 3281 1163 3336 declarat

233 3367 335 3420 irritum
352 3370 378 3419 et
395 3366 507 3422 unilum.
523 3395 558 3406 -
576 3367 704 3434 Quamvis
721 3366 750 3420 S.
760 3365 904 3434 Gregorius
922 3367 1009 3434 potius
1027 3367 1059 3421 de
1076 3367 1162 3420 coeli·

182 3467 192 3484 ἰ
233 3451 315 3516 batua
330 3451 470 3504 virtatem
486 3465 607 3520 genere,
620 3467 711 3522 quau
709 3453 748 3506 de
765 3452 876 3522 speciali
902 3452 1056 3506 clericorum
1074 3451 1161 3508 conti·

232 3539 322 3592 naath
345 3538 515 3607 iric-tractet,
538 3538 757 3607 amonitarum,
782 3539 846 3610 quia
860 3543 924 3592 sunt
939 3553 1071 3655 cannen,
1097 3539 1163 3594 hacc

183 3637 317 3694 ··nauca
332 3629 449 3690 notasse.

163 3708 216 3778 ⁸)
231 3711 299 3764 aut.
317 3710 452 3767 iunicum
466 3711 628 3768 οιιιιιιιιιι.
665 3713 689 3765 i.
708 3665 766 3767 Dor.
779 3715 810 3782 i,
825 3711 889 3768 36.
