2468 4218
474 229 700 299 --143-
817 259 820 264 -

80 397 257 480 festinant,
281 405 400 469 sortem
413 396 477 464 eibi
500 395 729 462 innovissimo
750 395 991 468 benedictionis
1011 422 1085 473 atn-

78 504 223 580 putaut3
244 494 326 581 quia
349 494 426 562 dum
447 517 507 582 per
530 496 693 564 atvar-iriae
715 499 900 584 nequitiam
920 497 975 564 hie
997 497 1078 575 mui-

80 593 229 682 tiplieari
247 603 422 681 appetunt,
446 593 517 660 illie
537 592 581 665 ab
605 605 741 662 aeterno
758 598 952 680 patrimonio
976 595 1078 670 exhe-

80 693 180 763 redes
203 692 296 759 fiunt.
340 692 424 760 Cum
446 693 500 764 vel
522 693 669 781 plurima
683 696 835 765 ambiunt
853 695 907 762 vel
929 695 1082 764 obtinere

80 802 217 876 cuneta,
242 814 329 878 quae
340 791 532 874 ambierint,
551 803 705 880 possunt,
722 793 862 860 audiant
874 796 962 882 quod
978 797 1080 884 aerip-

79 901 229 961 tumeat:
251 890 361 972 Quid
384 892 748 980 prodenthomini,
771 897 805 959 si
827 889 956 962 toturn
974 919 1078 970 mun·

79 991 172 1058 dum
193 990 405 1073 lueretur,
429 991 591 1060 animae
616 1015 715 1060 vero
739 1015 836 1058 suae
858 993 1079 1062 detrimen·

78 1104 165 1159 turn
186 1090 357 1159 faeiat?
374 1090 398 1176 ¹)
442 1091 492 1156 Ae
514 1094 543 1158 ei
565 1103 679 1178 aperte
701 1093 835 1160 Veritas
857 1092 964 1160 dicat:
989 1093 1082 1176 Quid

77 1190 217 1278 prodest
237 1189 374 1274 homini,
398 1191 425 1256 si
449 1200 562 1272 totum,
590 1190 678 1276 quod
689 1202 785 1258 extra
798 1215 834 1256 so
857 1202 917 1274 est,
940 1213 1078 1278 congre·

72 1301 161 1375 gat,
191 1292 219 1356 ai
240 1288 302 1356 hoo
324 1295 433 1376 ipsum
456 1289 585 1370 solum,
616 1290 703 1376 quod
725 1292 796 1376 ipse
820 1302 885 1374 est,
917 1289 1085 1362 damnat?

72 1389 281 1474 Plerumque
311 1400 423 1454 autem
452 1389 550 1454 eitius
579 1383 751 1476 raptorum
773 1391 917 1456 avaritia
940 1391 1076 1478 corrigi·

75 1501 149 1572 tur,
173 1490 201 1552 si
223 1491 257 1554 in
280 1487 392 1554 verbis
406 1487 626 1569 admonentis,
651 1512 750 1578 quam
767 1490 1076 1577 sugitivnsitprae·

74 1611 157 1657 nens
180 1589 269 1672 vita,·
283 1598 500 1670 monstretur3
523 1590 553 1654 si
573 1611 686 1654 eorum
699 1587 742 1654 ad
764 1590 907 1656 medium
918 1590 1077 1655 memoria

75 1686 285 1770 dedueatur,
320 1687 379 1772 qui
401 1698 434 1752 et
455 1685 557 1752 ditari
588 1689 623 1751 in
656 1687 718 1754 hon
740 1689 943 1772 mundodiq
965 1687 1078 1760 conati

74 1795 174 1867 sunt,
205 1797 238 1852 et
264 1785 430 1852 tamenin
459 1786 590 1872 adeptis
621 1786 745 1852 divitiis
780 1788 837 1854 din
860 1810 996 1854 manere
1018 1808 1076 1854 ne·

74 1887 285 1972 quiveruntt
298 1883 422 1972 quibas
442 1885 565 1952 festina
588 1909 675 1952 mors
691 1899 829 1973 repente
851 1899 883 1952 et
902 1887 998 1954 simul
1019 1888 1076 1954 ab·

74 1983 189 2066 ntulit,
224 1983 387 2071 quidquid
420 2007 531 2052 eorum
553 1986 703 2072 nequitia
738 2009 798 2050 nee
821 1986 916 2051 simul
940 2010 1001 2052 nee
1023 2011 1074 2054 re·

70 2093 178 2170 pente
205 2086 435 2168 congregavit5
470 2084 528 2172 qui
558 2107 625 2148 non
653 2085 757 2150 solum
787 2084 842 2149 hie
868 2097 967 2172 rapta
997 2086 1075 2154 reli·

73 2189 236 2268 querunt,
262 2182 320 2248 sed
343 2206 455 2248 eneam
477 2183 520 2250 ad
535 2183 831 2270 judiciumeausas
853 2185 994 2270 rapinae
1017 2184 1071 2250 de·

72 2281 234 2348 tulerunt.
276 2281 403 2348 Horum
426 2283 542 2368 itaque
565 2282 720 2369 exempla
743 2284 903 2366 audiant,
936 2306 1019 2370 quoa
1041 2285 1077 2352 in

71 2379 187 2450 ¹verbis
211 2382 279 2448 suis
302 2379 536 2467 proculdubio
558 2391 592 2446 et
608 2383 674 2468 ipsi
686 2381 921 2470 condemnant3
943 2395 979 2450 ut
1001 2407 1081 2453 eum

71 2489 153 2566 post
174 2479 280 2546 verba
302 2478 346 2544 ad
368 2503 423 2546 cor
445 2481 597 2564 redeunt,
618 2483 743 2549 imitari
763 2482 893 2564 saltem,
920 2506 1002 2570 quos
1019 2484 1080 2570 ju·

72 2579 200 2663 dicant,
227 2579 435 2646 erubescant.
707 2591 709 2595 ·

387 2761 623 2827 CAPUT
663 2761 760 2827 XXI.

74 2898 251 2964 Quomodo
269 2899 487 2964 admonendi,
509 2899 569 2966 qni
586 2900 703 2950 aliena
723 2916 790 2952 aon
809 2907 993 2970 appetunt,
1014 2904 1079 2956 sed

72 2999 138 3036 sun
164 2985 340 3050 retinent,
361 2991 391 3036 et
417 2985 472 3052 qui
498 2983 793 3040 suntribuentes
817 2987 936 3039 aliona
965 2998 1075 3042 tamen

470 3063 659 3140 'rapiunt

138 3183 247 3250 Aliter
271 3185 472 3256 admonendi
486 3200 574 3270 sunt,
599 3190 658 3275 qui
677 3212 738 3256 nee
762 3188 875 3256 aliena
897 3200 1078 3276 appetunto

71 3306 139 3358 nee
160 3308 221 3350 sua
252 3285 456 3372 largiuntur:
484 3299 586 3374 atquo
609 3288 725 3371 aliter,
763 3294 818 3376 qui
843 3299 876 3354 et
898 3309 952 3369 ea,
986 3310 1076 3375 quae

72 3381 212 3468 hebent,
240 3385 411 3470 tribuunt3
440 3395 606 3454 ettamen
629 3387 738 3454 aliena
757 3411 875 3476 rapere
897 3411 965 3452 non
986 3387 1076 3454 deni·

73 3492 178 3551 stunt.
223 3481 433 3552 Admonendi
454 3489 635 3572 sanisqui
670 3510 730 3555 nen
753 3485 865 3555 aliena
896 3497 1074 3574 oppetunt,

99 3694 123 3765 ¹)
142 3696 234 3755 Matth.
251 3698 294 3766 16,
313 3697 357 3767 id.
