<?xml version="1.0" encoding="UTF-8"?>
<!DOCTYPE html PUBLIC "-//W3C//DTD XHTML 1.0 Transitional//EN"
    "http://www.w3.org/TR/xhtml1/DTD/xhtml1-transitional.dtd">
<html xmlns="http://www.w3.org/1999/xhtml" xml:lang="en" lang="en">
 <head>
  <title>
</title>
<meta http-equiv="Content-Type" content="text/html;charset=utf-8" />
  <meta name='ocr-system' content='tesseract 3.04.00' />
  <meta name='ocr-capabilities' content='ocr_page ocr_carea ocr_par ocr_line ocrx_word'/>
</head>
<body>
  <div class='ocr_page' id='page_1' title='image "./depastoralicura00greggoog_0135.png"; bbox 0 0 2468 4218; ppageno 0'>
   <div class='ocr_carea' id='block_1_1' title="bbox 562 253 789 324">
    <p class='ocr_par' dir='ltr' id='par_1_1' title="bbox 562 253 789 324">
     <span class='ocr_line' id='line_1_1' title="bbox 562 253 789 324; baseline 0.009 -12"><span class='ocrx_word' id='word_1_1' title='bbox 562 289 602 312; x_wconf 71' lang='lat'>..</span> <span class='ocrx_word' id='word_1_2' title='bbox 644 253 789 324; x_wconf 75' lang='lat' dir='ltr'>tte..</span> 
     </span>
    </p>
   </div>
   <div class='ocr_carea' id='block_1_2' title="bbox 171 415 1177 902">
    <p class='ocr_par' dir='ltr' id='par_1_2' title="bbox 171 415 1177 902">
     <span class='ocr_line' id='line_1_2' title="bbox 175 415 1177 504; baseline 0.006 -22"><span class='ocrx_word' id='word_1_3' title='bbox 175 422 256 486; x_wconf 72' lang='lat' dir='ltr'>tiam</span> <span class='ocrx_word' id='word_1_4' title='bbox 277 415 467 500; x_wconf 74' lang='lat' dir='ltr'>libertatis,</span> <span class='ocrx_word' id='word_1_5' title='bbox 500 439 599 504; x_wconf 76' lang='lat' dir='ltr'>quem</span> <span class='ocrx_word' id='word_1_6' title='bbox 622 418 707 504; x_wconf 80' lang='lat' dir='ltr'>liget</span> <span class='ocrx_word' id='word_1_7' title='bbox 733 420 876 497; x_wconf 82' lang='lat' dir='ltr'>servitus</span> <span class='ocrx_word' id='word_1_8' title='bbox 897 421 1034 487; x_wconf 83' lang='lat' dir='ltr'>timoris.</span> <span class='ocrx_word' id='word_1_9' title='bbox 1078 421 1177 488; x_wconf 81' lang='lat' dir='ltr'>Bone</span> 
     </span>
     <span class='ocr_line' id='line_1_3' title="bbox 173 517 1175 610; baseline 0.001 -27"><span class='ocrx_word' id='word_1_10' title='bbox 173 519 259 583; x_wconf 89' lang='lat' dir='ltr'>enim</span> <span class='ocrx_word' id='word_1_11' title='bbox 271 538 330 603; x_wconf 88' lang='lat' dir='ltr'>pro</span> <span class='ocrx_word' id='word_1_12' title='bbox 348 518 533 605; x_wconf 68' lang='lat' dir='ltr'>semetipsis</span> <span class='ocrx_word' id='word_1_13' title='bbox 549 517 692 582; x_wconf 76' lang='lat' dir='ltr'>amanda</span> <span class='ocrx_word' id='word_1_14' title='bbox 713 527 803 600; x_wconf 88' lang='lat' dir='ltr'>sunt,</span> <span class='ocrx_word' id='word_1_15' title='bbox 824 525 857 606; x_wconf 80' lang='lat' dir='ltr'>et</span> <span class='ocrx_word' id='word_1_16' title='bbox 869 539 937 584; x_wconf 88' lang='lat' dir='ltr'>non</span> <span class='ocrx_word' id='word_1_17' title='bbox 951 519 1069 610; x_wconf 78' lang='lat' dir='ltr'>poenis</span> <span class='ocrx_word' id='word_1_18' title='bbox 1085 542 1175 595; x_wconf 81' lang='lat' dir='ltr'>com-</span> 
     </span>
     <span class='ocr_line' id='line_1_4' title="bbox 173 602 1175 706; baseline 0.003 -25"><span class='ocrx_word' id='word_1_19' title='bbox 173 611 376 704; x_wconf 89' lang='lat' dir='ltr'>pellentibus</span> <span class='ocrx_word' id='word_1_20' title='bbox 410 616 615 704; x_wconf 85' lang='lat' dir='ltr'>exequenda.</span> <span class='ocrx_word' id='word_1_21' title='bbox 664 615 748 680; x_wconf 81' lang='lat' dir='ltr'>Nem</span> <span class='ocrx_word' id='word_1_22' title='bbox 779 618 837 704; x_wconf 89' lang='lat' dir='ltr'>qui</span> <span class='ocrx_word' id='word_1_23' title='bbox 870 602 1049 706; x_wconf 79' lang='lat' dir='ltr'>propterea</span> <span class='ocrx_word' id='word_1_24' title='bbox 1079 613 1175 684; x_wconf 77' lang='lat' dir='ltr'>bona</span> 
     </span>
     <span class='ocr_line' id='line_1_5' title="bbox 171 714 1172 802; baseline 0.002 -24"><span class='ocrx_word' id='word_1_25' title='bbox 171 715 270 796; x_wconf 83' lang='lat' dir='ltr'>facit,</span> <span class='ocrx_word' id='word_1_26' title='bbox 296 715 374 802; x_wconf 79' lang='lat' dir='ltr'>quie</span> <span class='ocrx_word' id='word_1_27' title='bbox 394 724 632 780; x_wconf 89' lang='lat' dir='ltr'>tormentorum</span> <span class='ocrx_word' id='word_1_28' title='bbox 654 714 743 778; x_wconf 85' lang='lat' dir='ltr'>mele</span> <span class='ocrx_word' id='word_1_29' title='bbox 756 715 886 796; x_wconf 86' lang='lat' dir='ltr'>metuit,</span> <span class='ocrx_word' id='word_1_30' title='bbox 910 715 985 782; x_wconf 90' lang='lat' dir='ltr'>vult</span> <span class='ocrx_word' id='word_1_31' title='bbox 996 739 1064 783; x_wconf 85' lang='lat' dir='ltr'>non</span> <span class='ocrx_word' id='word_1_32' title='bbox 1084 738 1172 798; x_wconf 84' lang='lat' dir='ltr'>esse,</span> 
     </span>
     <span class='ocr_line' id='line_1_6' title="bbox 172 813 1173 902; baseline 0 -24"><span class='ocrx_word' id='word_1_33' title='bbox 172 813 261 902; x_wconf 87' lang='lat' dir='ltr'>quod</span> <span class='ocrx_word' id='word_1_34' title='bbox 281 821 424 895; x_wconf 79' lang='lat' dir='ltr'>metuet,</span> <span class='ocrx_word' id='word_1_35' title='bbox 448 823 486 878; x_wconf 90' lang='lat' dir='ltr'>ut</span> <span class='ocrx_word' id='word_1_36' title='bbox 508 813 670 878; x_wconf 79' lang='lat' dir='ltr'>audenter</span> <span class='ocrx_word' id='word_1_37' title='bbox 691 813 811 878; x_wconf 83' lang='lat' dir='ltr'>illicite</span> <span class='ocrx_word' id='word_1_38' title='bbox 832 815 1023 884; x_wconf 82' lang='lat' dir='ltr'>committat.</span> <span class='ocrx_word' id='word_1_39' title='bbox 1070 813 1173 880; x_wconf 86' lang='lat' dir='ltr'>Unde</span> 
     </span>
    </p>
   </div>
   <div class='ocr_carea' id='block_1_3' title="bbox 163 1055 1172 3789">
    <p class='ocr_par' dir='ltr' id='par_1_3' title="bbox 163 1055 1172 3789">
     <span class='ocr_line' id='line_1_7' title="bbox 241 1055 1171 1128; baseline -0.005 -16"><span class='ocrx_word' id='word_1_40' title='bbox 241 1061 293 1112; x_wconf 90' lang='lat' dir='ltr'>tuis</span> <span class='ocrx_word' id='word_1_41' title='bbox 311 1060 412 1112; x_wconf 85' lang='lat' dir='ltr'>timui.“</span> <span class='ocrx_word' id='word_1_42' title='bbox 433 1088 463 1096; x_wconf 84' lang='lat'>-</span> <span class='ocrx_word' id='word_1_43' title='bbox 483 1059 516 1109; x_wconf 88' lang='lat' dir='ltr'>Et</span> <span class='ocrx_word' id='word_1_44' title='bbox 534 1057 560 1110; x_wconf 85' lang='lat' dir='ltr'>S.</span> <span class='ocrx_word' id='word_1_45' title='bbox 581 1057 761 1125; x_wconf 75' lang='lat' dir='ltr'>Augustinus:</span> <span class='ocrx_word' id='word_1_46' title='bbox 788 1059 871 1125; x_wconf 81' lang='lat' dir='ltr'>„Fee‚</span> <span class='ocrx_word' id='word_1_47' title='bbox 890 1055 963 1127; x_wconf 81' lang='lat' dir='ltr'>fao“,</span> <span class='ocrx_word' id='word_1_48' title='bbox 987 1059 1072 1128; x_wconf 87' lang='lat' dir='ltr'>iuquit</span> <span class='ocrx_word' id='word_1_49' title='bbox 1092 1075 1171 1112; x_wconf 89' lang='lat' dir='ltr'>serrn.</span> 
     </span>
     <span class='ocr_line' id='line_1_8' title="bbox 241 1143 1172 1211; baseline -0.004 -11"><span class='ocrx_word' id='word_1_50' title='bbox 241 1147 300 1202; x_wconf 81' lang='lat'><strong>156.</strong></span> <span class='ocrx_word' id='word_1_51' title='bbox 319 1163 374 1198; x_wconf 88' lang='lat' dir='ltr'>nro.</span> <span class='ocrx_word' id='word_1_52' title='bbox 392 1145 433 1198; x_wconf 73' lang='lat' dir='ltr'>tr.</span> <span class='ocrx_word' id='word_1_53' title='bbox 454 1144 559 1206; x_wconf 82' lang='lat' dir='ltr'>„timore</span> <span class='ocrx_word' id='word_1_54' title='bbox 583 1158 692 1211; x_wconf 81' lang='lat' dir='ltr'>poenae,</span> <span class='ocrx_word' id='word_1_55' title='bbox 719 1143 743 1194; x_wconf 90' lang='lat' dir='ltr'>si</span> <span class='ocrx_word' id='word_1_56' title='bbox 762 1144 873 1195; x_wconf 89' lang='lat' dir='ltr'>nondum</span> <span class='ocrx_word' id='word_1_57' title='bbox 892 1147 964 1211; x_wconf 91' lang='lat' dir='ltr'>potes</span> <span class='ocrx_word' id='word_1_58' title='bbox 981 1157 1069 1196; x_wconf 84' lang='lat' dir='ltr'>eruore</span> <span class='ocrx_word' id='word_1_59' title='bbox 1090 1144 1172 1211; x_wconf 84' lang='lat' dir='ltr'>justi-</span> 
     </span>
     <span class='ocr_line' id='line_1_9' title="bbox 210 1227 1172 1300; baseline 0.001 -18"><span class='ocrx_word' id='word_1_60' title='bbox 210 1247 213 1253; x_wconf 92' lang='lat'>·</span> <span class='ocrx_word' id='word_1_61' title='bbox 239 1233 317 1284; x_wconf 83' lang='lat' dir='ltr'>ties.“</span> <span class='ocrx_word' id='word_1_62' title='bbox 355 1232 414 1300; x_wconf 89' lang='lat' dir='ltr'>lpse</span> <span class='ocrx_word' id='word_1_63' title='bbox 433 1230 459 1280; x_wconf 87' lang='lat' dir='ltr'>S.</span> <span class='ocrx_word' id='word_1_64' title='bbox 478 1228 587 1295; x_wconf 81' lang='lat' dir='ltr'>Gregor.</span> <span class='ocrx_word' id='word_1_65' title='bbox 602 1231 636 1281; x_wconf 82' lang='lat' dir='ltr'>M.</span> <span class='ocrx_word' id='word_1_66' title='bbox 654 1228 742 1280; x_wconf 83' lang='lat' dir='ltr'>hornil.</span> <span class='ocrx_word' id='word_1_67' title='bbox 755 1227 788 1282; x_wconf 82' lang='lat'>34</span> <span class='ocrx_word' id='word_1_68' title='bbox 800 1229 826 1279; x_wconf 92' lang='lat' dir='ltr'>in</span> <span class='ocrx_word' id='word_1_69' title='bbox 837 1229 938 1296; x_wconf 77' lang='lat' dir='ltr'>Evang.</span> <span class='ocrx_word' id='word_1_70' title='bbox 957 1229 1056 1293; x_wconf 81' lang='lat' dir='ltr'>„Prere</span> <span class='ocrx_word' id='word_1_71' title='bbox 1068 1231 1172 1293; x_wconf 86' lang='lat' dir='ltr'>meus“,</span> 
     </span>
     <span class='ocr_line' id='line_1_10' title="bbox 239 1315 1171 1385; baseline -0.001 -16"><span class='ocrx_word' id='word_1_72' title='bbox 239 1317 338 1385; x_wconf 78' lang='lat' dir='ltr'>inquit,</span> <span class='ocrx_word' id='word_1_73' title='bbox 357 1317 397 1382; x_wconf 80' lang='lat' dir='ltr'>„si</span> <span class='ocrx_word' id='word_1_74' title='bbox 414 1330 465 1366; x_wconf 91' lang='lat' dir='ltr'>non</span> <span class='ocrx_word' id='word_1_75' title='bbox 484 1315 558 1382; x_wconf 84' lang='lat' dir='ltr'>prius</span> <span class='ocrx_word' id='word_1_76' title='bbox 577 1329 622 1382; x_wconf 84' lang='lat' dir='ltr'>per</span> <span class='ocrx_word' id='word_1_77' title='bbox 638 1315 754 1366; x_wconf 80' lang='lat' dir='ltr'>timorem</span> <span class='ocrx_word' id='word_1_78' title='bbox 772 1315 910 1372; x_wconf 80' lang='lat' dir='ltr'>evertitur.</span> <span class='ocrx_word' id='word_1_79' title='bbox 937 1315 970 1368; x_wconf 85' lang='lat' dir='ltr'>ob</span> <span class='ocrx_word' id='word_1_80' title='bbox 988 1316 1107 1368; x_wconf 78' lang='lat' dir='ltr'>assuetis</span> <span class='ocrx_word' id='word_1_81' title='bbox 1126 1319 1171 1368; x_wconf 87' lang='lat' dir='ltr'>vi·</span> 
     </span>
     <span class='ocr_line' id='line_1_11' title="bbox 240 1399 1171 1470; baseline 0.002 -18"><span class='ocrx_word' id='word_1_82' title='bbox 240 1403 285 1454; x_wconf 85' lang='lat' dir='ltr'>tiis</span> <span class='ocrx_word' id='word_1_83' title='bbox 303 1417 354 1452; x_wconf 93' lang='lat' dir='ltr'>non</span> <span class='ocrx_word' id='word_1_84' title='bbox 372 1401 549 1453; x_wconf 83' lang='lat' dir='ltr'>emundetur.“</span> <span class='ocrx_word' id='word_1_85' title='bbox 568 1427 600 1436; x_wconf 92' lang='lat'>·-</span> <span class='ocrx_word' id='word_1_86' title='bbox 627 1400 713 1450; x_wconf 82' lang='lat' dir='ltr'>Timor</span> <span class='ocrx_word' id='word_1_87' title='bbox 729 1399 799 1451; x_wconf 87' lang='lat' dir='ltr'>ducit</span> <span class='ocrx_word' id='word_1_88' title='bbox 823 1400 856 1450; x_wconf 82' lang='lat' dir='ltr'>ud</span> <span class='ocrx_word' id='word_1_89' title='bbox 883 1401 1046 1452; x_wconf 81' lang='lat' dir='ltr'>charitatem:</span> <span class='ocrx_word' id='word_1_90' title='bbox 1076 1401 1171 1470; x_wconf 77' lang='lat' dir='ltr'>„Opus</span> 
     </span>
     <span class='ocr_line' id='line_1_12' title="bbox 240 1485 1172 1553; baseline -0.002 -13"><span class='ocrx_word' id='word_1_91' title='bbox 240 1491 310 1549; x_wconf 70' lang='lat' dir='ltr'>est‘,</span> <span class='ocrx_word' id='word_1_92' title='bbox 338 1487 424 1553; x_wconf 91' lang='lat' dir='ltr'>inquit</span> <span class='ocrx_word' id='word_1_93' title='bbox 442 1487 468 1538; x_wconf 85' lang='lat' dir='ltr'>S.</span> <span class='ocrx_word' id='word_1_94' title='bbox 488 1487 629 1551; x_wconf 79' lang='lat' dir='ltr'>Angustin.</span> <span class='ocrx_word' id='word_1_95' title='bbox 650 1485 742 1534; x_wconf 86' lang='lat' dir='ltr'>Enarr.</span> <span class='ocrx_word' id='word_1_96' title='bbox 761 1486 787 1536; x_wconf 93' lang='lat' dir='ltr'>in</span> <span class='ocrx_word' id='word_1_97' title='bbox 806 1485 876 1540; x_wconf 82' lang='lat' dir='ltr'>Psul.</span> <span class='ocrx_word' id='word_1_98' title='bbox 895 1485 958 1550; x_wconf 71' lang='lat'>127,</span> <span class='ocrx_word' id='word_1_99' title='bbox 977 1501 1030 1538; x_wconf 91' lang='lat' dir='ltr'>nro.</span> <span class='ocrx_word' id='word_1_100' title='bbox 1047 1485 1090 1552; x_wconf 84' lang='grc'>4.,</span> <span class='ocrx_word' id='word_1_101' title='bbox 1127 1495 1172 1552; x_wconf 82' lang='lat' dir='ltr'>„ut</span> 
     </span>
     <span class='ocr_line' id='line_1_13' title="bbox 240 1570 1171 1640; baseline 0 -16"><span class='ocrx_word' id='word_1_102' title='bbox 240 1575 317 1625; x_wconf 84' lang='lat' dir='ltr'>intret</span> <span class='ocrx_word' id='word_1_103' title='bbox 335 1573 409 1624; x_wconf 84' lang='lat' dir='ltr'>timor</span> <span class='ocrx_word' id='word_1_104' title='bbox 426 1573 521 1640; x_wconf 84' lang='lat' dir='ltr'>primo,</span> <span class='ocrx_word' id='word_1_105' title='bbox 549 1585 687 1638; x_wconf 86' lang='lat' dir='ltr'>perquem</span> <span class='ocrx_word' id='word_1_106' title='bbox 712 1570 798 1622; x_wconf 85' lang='lat' dir='ltr'>veniet</span> <span class='ocrx_word' id='word_1_107' title='bbox 820 1571 942 1622; x_wconf 80' lang='lat' dir='ltr'>charitas.</span> <span class='ocrx_word' id='word_1_108' title='bbox 978 1571 1063 1622; x_wconf 81' lang='lat' dir='ltr'>Tiruor</span> <span class='ocrx_word' id='word_1_109' title='bbox 1085 1575 1171 1624; x_wconf 85' lang='lat' dir='ltr'>rnedi-</span> 
     </span>
     <span class='ocr_line' id='line_1_14' title="bbox 239 1657 1170 1720; baseline -0.002 -10"><span class='ocrx_word' id='word_1_110' title='bbox 239 1667 398 1718; x_wconf 80' lang='lat' dir='ltr'>cementum,</span> <span class='ocrx_word' id='word_1_111' title='bbox 417 1658 531 1709; x_wconf 79' lang='lat' dir='ltr'>charitas</span> <span class='ocrx_word' id='word_1_112' title='bbox 551 1657 676 1708; x_wconf 81' lang='lat' dir='ltr'>sanitas.“</span> <span class='ocrx_word' id='word_1_113' title='bbox 691 1684 720 1694; x_wconf 91' lang='lat'>-</span> <span class='ocrx_word' id='word_1_114' title='bbox 741 1657 819 1708; x_wconf 80' lang='lat' dir='ltr'>Alius</span> <span class='ocrx_word' id='word_1_115' title='bbox 832 1657 926 1708; x_wconf 83' lang='lat' dir='ltr'>dicitnr·</span> <span class='ocrx_word' id='word_1_116' title='bbox 943 1657 1079 1720; x_wconf 76' lang='lat' dir='ltr'>naturalis,</span> <span class='ocrx_word' id='word_1_117' title='bbox 1100 1657 1170 1710; x_wconf 84' lang='lat' dir='ltr'>elius</span> 
     </span>
     <span class='ocr_line' id='line_1_15' title="bbox 240 1741 1169 1811; baseline 0.001 -17"><span class='ocrx_word' id='word_1_118' title='bbox 240 1743 458 1811; x_wconf 76' lang='lat' dir='ltr'>strperrnrturulis3</span> <span class='ocrx_word' id='word_1_119' title='bbox 479 1750 503 1794; x_wconf 88' lang='lat' dir='ltr'>et</span> <span class='ocrx_word' id='word_1_120' title='bbox 521 1741 564 1792; x_wconf 78' lang='lat' dir='ltr'>hic</span> <span class='ocrx_word' id='word_1_121' title='bbox 583 1742 608 1791; x_wconf 93' lang='lat' dir='ltr'>in</span> <span class='ocrx_word' id='word_1_122' title='bbox 630 1741 736 1794; x_wconf 74' lang='lat' dir='ltr'>filialem</span> <span class='ocrx_word' id='word_1_123' title='bbox 756 1748 780 1794; x_wconf 88' lang='lat' dir='ltr'>et</span> <span class='ocrx_word' id='word_1_124' title='bbox 798 1743 918 1794; x_wconf 84' lang='lat' dir='ltr'>servilem</span> <span class='ocrx_word' id='word_1_125' title='bbox 933 1742 1095 1810; x_wconf 87' lang='lat' dir='ltr'>dispertitur.</span> <span class='ocrx_word' id='word_1_126' title='bbox 1124 1745 1169 1795; x_wconf 86' lang='lat' dir='ltr'>Ti-</span> 
     </span>
     <span class='ocr_line' id='line_1_16' title="bbox 241 1797 1169 1894; baseline 0 -14"><span class='ocrx_word' id='word_1_127' title='bbox 241 1845 294 1881; x_wconf 87' lang='lat' dir='ltr'>mor</span> <span class='ocrx_word' id='word_1_128' title='bbox 313 1828 455 1894; x_wconf 79' lang='lat' dir='ltr'>naturalis,</span> <span class='ocrx_word' id='word_1_129' title='bbox 476 1827 540 1878; x_wconf 93' lang='lat' dir='ltr'>bono</span> <span class='ocrx_word' id='word_1_130' title='bbox 559 1829 694 1880; x_wconf 79' lang='lat' dir='ltr'>recedente</span> <span class='ocrx_word' id='word_1_131' title='bbox 713 1797 855 1881; x_wconf 77' lang='lat' dir='ltr'>volunt-atis</span> <span class='ocrx_word' id='word_1_132' title='bbox 873 1826 982 1892; x_wconf 82' lang='lat' dir='ltr'>ellectu,</span> <span class='ocrx_word' id='word_1_133' title='bbox 1002 1828 1087 1880; x_wconf 91' lang='lat' dir='ltr'>honus</span> <span class='ocrx_word' id='word_1_134' title='bbox 1103 1845 1169 1882; x_wconf 81' lang='lat' dir='ltr'>ern·</span> 
     </span>
     <span class='ocr_line' id='line_1_17' title="bbox 240 1912 1169 1982; baseline -0.003 -16"><span class='ocrx_word' id='word_1_135' title='bbox 240 1916 290 1980; x_wconf 77' lang='lat' dir='ltr'>dit,</span> <span class='ocrx_word' id='word_1_136' title='bbox 309 1915 356 1966; x_wconf 89' lang='lat' dir='ltr'>etsi</span> <span class='ocrx_word' id='word_1_137' title='bbox 377 1915 409 1965; x_wconf 84' lang='lat' dir='ltr'>ad</span> <span class='ocrx_word' id='word_1_138' title='bbox 424 1913 634 1982; x_wconf 78' lang='lat' dir='ltr'>justificationem</span> <span class='ocrx_word' id='word_1_139' title='bbox 654 1914 721 1966; x_wconf 87' lang='lat' dir='ltr'>nihil</span> <span class='ocrx_word' id='word_1_140' title='bbox 740 1912 888 1979; x_wconf 85' lang='lat' dir='ltr'>conferens;</span> <span class='ocrx_word' id='word_1_141' title='bbox 908 1915 976 1966; x_wconf 82' lang='lat' dir='ltr'>rnulo</span> <span class='ocrx_word' id='word_1_142' title='bbox 995 1927 1054 1965; x_wconf 86' lang='lat' dir='ltr'>vero</span> <span class='ocrx_word' id='word_1_143' title='bbox 1071 1915 1169 1968; x_wconf 78' lang='lat' dir='ltr'>affeetu</span> 
     </span>
     <span class='ocr_line' id='line_1_18' title="bbox 238 1987 1169 2068; baseline 0 -16"><span class='ocrx_word' id='word_1_144' title='bbox 238 1987 381 2067; x_wconf 79' lang='lat' dir='ltr'>accedente,</span> <span class='ocrx_word' id='word_1_145' title='bbox 402 1999 486 2052; x_wconf 82' lang='lat' dir='ltr'>urolus</span> <span class='ocrx_word' id='word_1_146' title='bbox 506 1997 539 2065; x_wconf 80' lang='lat' dir='ltr'>fir,</span> <span class='ocrx_word' id='word_1_147' title='bbox 553 2001 635 2056; x_wconf 61' lang='lat' dir='ltr'>,sicuti</span> <span class='ocrx_word' id='word_1_148' title='bbox 651 2005 676 2052; x_wconf 89' lang='lat' dir='ltr'>et</span> <span class='ocrx_word' id='word_1_149' title='bbox 694 2000 839 2050; x_wconf 85' lang='lat' dir='ltr'>nrnndonns</span> <span class='ocrx_word' id='word_1_150' title='bbox 858 2001 943 2051; x_wconf 77' lang='lat' dir='ltr'>nialus</span> <span class='ocrx_word' id='word_1_151' title='bbox 954 2009 1000 2065; x_wconf 78' lang='lat' dir='ltr'>est,</span> <span class='ocrx_word' id='word_1_152' title='bbox 1018 2000 1061 2068; x_wconf 89' lang='lat' dir='ltr'>qui</span> <span class='ocrx_word' id='word_1_153' title='bbox 1082 2016 1101 2052; x_wconf 78' lang='lat' dir='ltr'>a</span> <span class='ocrx_word' id='word_1_154' title='bbox 1117 2005 1169 2054; x_wconf 87' lang='lat' dir='ltr'>Deo</span> 
     </span>
     <span class='ocr_line' id='line_1_19' title="bbox 239 2085 1169 2150; baseline 0.001 -13"><span class='ocrx_word' id='word_1_155' title='bbox 239 2088 345 2140; x_wconf 87' lang='lat' dir='ltr'>reducit.</span> <span class='ocrx_word' id='word_1_156' title='bbox 364 2116 396 2127; x_wconf 90' lang='lat'><em>-</em></span> <span class='ocrx_word' id='word_1_157' title='bbox 415 2085 520 2138; x_wconf 80' lang='lat' dir='ltr'>Filislis</span> <span class='ocrx_word' id='word_1_158' title='bbox 538 2091 563 2138; x_wconf 89' lang='lat' dir='ltr'>et</span> <span class='ocrx_word' id='word_1_159' title='bbox 581 2087 686 2138; x_wconf 88' lang='lat' dir='ltr'>servilis</span> <span class='ocrx_word' id='word_1_160' title='bbox 705 2087 779 2138; x_wconf 87' lang='lat' dir='ltr'>timor</span> <span class='ocrx_word' id='word_1_161' title='bbox 797 2087 893 2150; x_wconf 77' lang='lat' dir='ltr'>peceati</span> <span class='ocrx_word' id='word_1_162' title='bbox 908 2087 1025 2139; x_wconf 81' lang='lat' dir='ltr'>utl&#39;eoturu</span> <span class='ocrx_word' id='word_1_163' title='bbox 1040 2087 1169 2144; x_wconf 79' lang='lat' dir='ltr'>excludit</span> 
     </span>
     <span class='ocr_line' id='line_1_20' title="bbox 237 2171 1169 2240; baseline 0 -16"><span class='ocrx_word' id='word_1_164' title='bbox 237 2183 263 2224; x_wconf 88' lang='lat' dir='ltr'>et</span> <span class='ocrx_word' id='word_1_165' title='bbox 288 2173 331 2240; x_wconf 90' lang='lat' dir='ltr'>qui</span> <span class='ocrx_word' id='word_1_166' title='bbox 351 2171 456 2224; x_wconf 86' lang='lat' dir='ltr'>servilis</span> <span class='ocrx_word' id='word_1_167' title='bbox 481 2172 581 2238; x_wconf 79' lang='lat' dir='ltr'>peceati</span> <span class='ocrx_word' id='word_1_168' title='bbox 597 2171 715 2226; x_wconf 82' lang='lat' dir='ltr'>atl&#39;ee-tuur</span> <span class='ocrx_word' id='word_1_169' title='bbox 739 2188 789 2224; x_wconf 93' lang='lat' dir='ltr'>non</span> <span class='ocrx_word' id='word_1_170' title='bbox 814 2172 940 2236; x_wconf 80' lang='lat' dir='ltr'>excludit,</span> <span class='ocrx_word' id='word_1_171' title='bbox 966 2171 1169 2225; x_wconf 88' lang='lat' dir='ltr'>serviliter</span> 
     </span>
     <span class='ocr_line' id='line_1_21' title="bbox 238 2243 1166 2326; baseline 0.003 -18"><span class='ocrx_word' id='word_1_172' title='bbox 238 2259 332 2310; x_wconf 88' lang='lat' dir='ltr'>servi</span> <span class='ocrx_word' id='word_1_173' title='bbox 344 2258 388 2308; x_wconf 88' lang='lat' dir='ltr'>lis</span> <span class='ocrx_word' id='word_1_174' title='bbox 408 2265 578 2326; x_wconf 81' lang='lat' dir='ltr'>nuncupatur.</span> <span class='ocrx_word' id='word_1_175' title='bbox 597 2287 629 2294; x_wconf 98' lang='lat'><em>-</em></span> <span class='ocrx_word' id='word_1_176' title='bbox 648 2243 773 2326; x_wconf 77' lang='lat' dir='ltr'>Loquitur</span> <span class='ocrx_word' id='word_1_177' title='bbox 793 2256 820 2307; x_wconf 85' lang='lat' dir='ltr'>S.</span> <span class='ocrx_word' id='word_1_178' title='bbox 839 2256 981 2324; x_wconf 82' lang='lat' dir='ltr'>Gregorius</span> <span class='ocrx_word' id='word_1_179' title='bbox 1001 2260 1034 2308; x_wconf 81' lang='lat' dir='ltr'>ll.</span> <span class='ocrx_word' id='word_1_180' title='bbox 1044 2258 1099 2310; x_wconf 87' lang='lat' dir='ltr'>hoc</span> <span class='ocrx_word' id='word_1_181' title='bbox 1110 2260 1166 2312; x_wconf 86' lang='lat' dir='ltr'>loco</span> 
     </span>
     <span class='ocr_line' id='line_1_22' title="bbox 238 2343 1166 2410; baseline 0 -16"><span class='ocrx_word' id='word_1_182' title='bbox 238 2359 288 2394; x_wconf 87' lang='lat' dir='ltr'>non</span> <span class='ocrx_word' id='word_1_183' title='bbox 308 2343 460 2410; x_wconf 80' lang='lat' dir='ltr'>simpliciter</span> <span class='ocrx_word' id='word_1_184' title='bbox 478 2345 508 2393; x_wconf 87' lang='lat' dir='ltr'>do</span> <span class='ocrx_word' id='word_1_185' title='bbox 527 2343 616 2395; x_wconf 90' lang='lat' dir='ltr'>tiruoro</span> <span class='ocrx_word' id='word_1_186' title='bbox 634 2357 801 2410; x_wconf 88' lang='lat' dir='ltr'>quocunque,</span> <span class='ocrx_word' id='word_1_187' title='bbox 821 2345 866 2394; x_wconf 90' lang='lat' dir='ltr'>sod</span> <span class='ocrx_word' id='word_1_188' title='bbox 884 2345 914 2395; x_wconf 88' lang='lat' dir='ltr'>de</span> <span class='ocrx_word' id='word_1_189' title='bbox 933 2358 974 2408; x_wconf 87' lang='lat' dir='ltr'>eo,</span> <span class='ocrx_word' id='word_1_190' title='bbox 1003 2344 1046 2410; x_wconf 91' lang='lat' dir='ltr'>qni</span> <span class='ocrx_word' id='word_1_191' title='bbox 1065 2343 1166 2396; x_wconf 83' lang='lat' dir='ltr'>dicitur</span> 
     </span>
     <span class='ocr_line' id='line_1_23' title="bbox 238 2427 1165 2496; baseline 0.001 -18"><span class='ocrx_word' id='word_1_192' title='bbox 238 2427 426 2478; x_wconf 83' lang='lat' dir='ltr'>serviliter</span> <span class='ocrx_word' id='word_1_193' title='bbox 452 2429 613 2494; x_wconf 80' lang='lat' dir='ltr'>servilis,</span> <span class='ocrx_word' id='word_1_194' title='bbox 638 2428 680 2496; x_wconf 93' lang='lat' dir='ltr'>qui</span> <span class='ocrx_word' id='word_1_195' title='bbox 707 2429 733 2479; x_wconf 93' lang='lat' dir='ltr'>in</span> <span class='ocrx_word' id='word_1_196' title='bbox 752 2443 780 2480; x_wconf 88' lang='lat' dir='ltr'>se</span> <span class='ocrx_word' id='word_1_197' title='bbox 800 2429 902 2496; x_wconf 86' lang='lat' dir='ltr'>quidem</span> <span class='ocrx_word' id='word_1_198' title='bbox 930 2427 1012 2481; x_wconf 85' lang='lat' dir='ltr'>honus</span> <span class='ocrx_word' id='word_1_199' title='bbox 1036 2435 1094 2492; x_wconf 82' lang='lat' dir='ltr'>est,</span> <span class='ocrx_word' id='word_1_200' title='bbox 1126 2433 1165 2481; x_wconf 80' lang='lat' dir='ltr'>ast</span> 
     </span>
     <span class='ocr_line' id='line_1_24' title="bbox 237 2511 1166 2584; baseline 0 -18"><span class='ocrx_word' id='word_1_201' title='bbox 237 2515 389 2584; x_wconf 75' lang='lat' dir='ltr'>subjective,</span> <span class='ocrx_word' id='word_1_202' title='bbox 419 2511 450 2564; x_wconf 92' lang='lat' dir='ltr'>ob</span> <span class='ocrx_word' id='word_1_203' title='bbox 468 2529 574 2580; x_wconf 79' lang='lat' dir='ltr'>pravam</span> <span class='ocrx_word' id='word_1_204' title='bbox 592 2513 672 2565; x_wconf 83' lang='lat' dir='ltr'>anivui</span> <span class='ocrx_word' id='word_1_205' title='bbox 695 2515 868 2580; x_wconf 82' lang='lat' dir='ltr'>ellectionem,</span> <span class='ocrx_word' id='word_1_206' title='bbox 896 2516 1007 2566; x_wconf 76' lang='lat' dir='ltr'>omniunt</span> <span class='ocrx_word' id='word_1_207' title='bbox 1031 2528 1166 2566; x_wconf 84' lang='lat' dir='ltr'>consensu</span> 
     </span>
     <span class='ocr_line' id='line_1_25' title="bbox 235 2599 1164 2668; baseline 0 -18"><span class='ocrx_word' id='word_1_208' title='bbox 235 2603 347 2652; x_wconf 85' lang='lat' dir='ltr'>vitiosus</span> <span class='ocrx_word' id='word_1_209' title='bbox 365 2605 391 2654; x_wconf 89' lang='lat' dir='ltr'>et</span> <span class='ocrx_word' id='word_1_210' title='bbox 409 2600 492 2650; x_wconf 84' lang='lat' dir='ltr'>rualus</span> <span class='ocrx_word' id='word_1_211' title='bbox 510 2599 614 2665; x_wconf 82' lang='lat' dir='ltr'>existit,</span> <span class='ocrx_word' id='word_1_212' title='bbox 642 2600 686 2668; x_wconf 92' lang='lat' dir='ltr'>qui</span> <span class='ocrx_word' id='word_1_213' title='bbox 705 2600 788 2652; x_wconf 88' lang='lat' dir='ltr'>solum</span> <span class='ocrx_word' id='word_1_214' title='bbox 807 2615 909 2652; x_wconf 79' lang='lat' dir='ltr'>inanum</span> <span class='ocrx_word' id='word_1_215' title='bbox 928 2600 1043 2663; x_wconf 86' lang='lat' dir='ltr'>cohibet,</span> <span class='ocrx_word' id='word_1_216' title='bbox 1061 2601 1164 2651; x_wconf 87' lang='lat' dir='ltr'>voluu-</span> 
     </span>
     <span class='ocr_line' id='line_1_26' title="bbox 236 2685 1163 2754; baseline -0.002 -16"><span class='ocrx_word' id='word_1_217' title='bbox 236 2693 312 2740; x_wconf 82' lang='lat' dir='ltr'>tatom</span> <span class='ocrx_word' id='word_1_218' title='bbox 331 2693 416 2738; x_wconf 87' lang='lat' dir='ltr'>auteur</span> <span class='ocrx_word' id='word_1_219' title='bbox 434 2702 451 2736; x_wconf 83' lang='lat' dir='ltr'>e</span> <span class='ocrx_word' id='word_1_220' title='bbox 468 2692 573 2754; x_wconf 81' lang='lat' dir='ltr'>peccato</span> <span class='ocrx_word' id='word_1_221' title='bbox 591 2702 641 2738; x_wconf 94' lang='lat' dir='ltr'>non</span> <span class='ocrx_word' id='word_1_222' title='bbox 660 2688 782 2751; x_wconf 72' lang='lat' dir='ltr'>retrahit,</span> <span class='ocrx_word' id='word_1_223' title='bbox 809 2695 834 2740; x_wconf 90' lang='lat' dir='ltr'>et</span> <span class='ocrx_word' id='word_1_224' title='bbox 852 2688 900 2748; x_wconf 87' lang='lat' dir='ltr'>hoo</span> <span class='ocrx_word' id='word_1_225' title='bbox 917 2701 951 2740; x_wconf 84' lang='lat' dir='ltr'>ex</span> <span class='ocrx_word' id='word_1_226' title='bbox 968 2700 1049 2753; x_wconf 80' lang='lat' dir='ltr'>pravo</span> <span class='ocrx_word' id='word_1_227' title='bbox 1065 2685 1163 2753; x_wconf 87' lang='lat' dir='ltr'>dispo-</span> 
     </span>
     <span class='ocr_line' id='line_1_27' title="bbox 235 2772 1163 2840; baseline -0.002 -16"><span class='ocrx_word' id='word_1_228' title='bbox 235 2774 329 2826; x_wconf 85' lang='lat' dir='ltr'>sitione</span> <span class='ocrx_word' id='word_1_229' title='bbox 348 2773 432 2840; x_wconf 89' lang='lat' dir='ltr'>illius‚</span> <span class='ocrx_word' id='word_1_230' title='bbox 451 2772 495 2840; x_wconf 90' lang='lat' dir='ltr'>qui</span> <span class='ocrx_word' id='word_1_231' title='bbox 512 2787 591 2840; x_wconf 84' lang='lat' dir='ltr'>prave</span> <span class='ocrx_word' id='word_1_232' title='bbox 610 2772 689 2824; x_wconf 89' lang='lat' dir='ltr'>utitur</span> <span class='ocrx_word' id='word_1_233' title='bbox 709 2786 736 2824; x_wconf 89' lang='lat' dir='ltr'>re</span> <span class='ocrx_word' id='word_1_234' title='bbox 755 2775 779 2824; x_wconf 93' lang='lat' dir='ltr'>in</span> <span class='ocrx_word' id='word_1_235' title='bbox 798 2787 827 2824; x_wconf 87' lang='lat' dir='ltr'>se</span> <span class='ocrx_word' id='word_1_236' title='bbox 843 2774 920 2826; x_wconf 87' lang='lat' dir='ltr'>bona.</span> <span class='ocrx_word' id='word_1_237' title='bbox 939 2801 970 2809; x_wconf 89' lang='lat'>-</span> <span class='ocrx_word' id='word_1_238' title='bbox 998 2773 1047 2822; x_wconf 89' lang='lat' dir='ltr'>llio</span> <span class='ocrx_word' id='word_1_239' title='bbox 1062 2786 1163 2824; x_wconf 87' lang='lat' dir='ltr'>sensus</span> 
     </span>
     <span class='ocr_line' id='line_1_28' title="bbox 234 2856 1162 2927; baseline -0.001 -18"><span class='ocrx_word' id='word_1_240' title='bbox 234 2857 262 2911; x_wconf 78' lang='lat' dir='ltr'>S.</span> <span class='ocrx_word' id='word_1_241' title='bbox 284 2860 401 2912; x_wconf 79' lang='lat' dir='ltr'>hectoris</span> <span class='ocrx_word' id='word_1_242' title='bbox 423 2860 562 2927; x_wconf 84' lang='lat' dir='ltr'>exipsius</span> <span class='ocrx_word' id='word_1_243' title='bbox 588 2859 754 2910; x_wconf 88' lang='lat' dir='ltr'>conclusione</span> <span class='ocrx_word' id='word_1_244' title='bbox 777 2859 870 2925; x_wconf 85' lang='lat' dir='ltr'>liquet,</span> <span class='ocrx_word' id='word_1_245' title='bbox 899 2873 977 2926; x_wconf 82' lang='lat' dir='ltr'>quarn</span> <span class='ocrx_word' id='word_1_246' title='bbox 1005 2856 1162 2925; x_wconf 83' lang='lat' dir='ltr'>subjungit:</span> 
     </span>
     <span class='ocr_line' id='line_1_29' title="bbox 235 2944 1162 3011; baseline -0.002 -15"><span class='ocrx_word' id='word_1_247' title='bbox 235 2947 324 3010; x_wconf 75' lang='lat' dir='ltr'>„Unde</span> <span class='ocrx_word' id='word_1_248' title='bbox 343 2950 400 2999; x_wconf 89' lang='lat' dir='ltr'>tuce</span> <span class='ocrx_word' id='word_1_249' title='bbox 418 2945 514 2998; x_wconf 83' lang='lat' dir='ltr'>elarius</span> <span class='ocrx_word' id='word_1_250' title='bbox 532 2950 644 3010; x_wconf 84' lang='lat' dir='ltr'>constat,</span> <span class='ocrx_word' id='word_1_251' title='bbox 664 2945 733 3011; x_wconf 88' lang='lat' dir='ltr'>quod</span> <span class='ocrx_word' id='word_1_252' title='bbox 752 2960 836 2996; x_wconf 85' lang='lat' dir='ltr'>coram</span> <span class='ocrx_word' id='word_1_253' title='bbox 853 2946 907 2996; x_wconf 91' lang='lat' dir='ltr'>Deo</span> <span class='ocrx_word' id='word_1_254' title='bbox 922 2944 1065 2995; x_wconf 80' lang='lat' dir='ltr'>innocentia</span> <span class='ocrx_word' id='word_1_255' title='bbox 1078 2947 1162 2996; x_wconf 80' lang='lat' dir='ltr'>arnit-</span> 
     </span>
     <span class='ocr_line' id='line_1_30' title="bbox 233 3029 1163 3100; baseline -0.004 -17"><span class='ocrx_word' id='word_1_256' title='bbox 233 3033 311 3097; x_wconf 83' lang='lat' dir='ltr'>titnr‚</span> <span class='ocrx_word' id='word_1_257' title='bbox 330 3043 389 3084; x_wconf 82' lang='lat' dir='ltr'>onte</span> <span class='ocrx_word' id='word_1_258' title='bbox 409 3031 486 3100; x_wconf 70' lang='lat' dir='ltr'>qu&#39;us</span> <span class='ocrx_word' id='word_1_259' title='bbox 504 3031 593 3083; x_wconf 89' lang='lat' dir='ltr'>oeulos</span> <span class='ocrx_word' id='word_1_260' title='bbox 612 3031 797 3082; x_wconf 86' lang='lat' dir='ltr'>desiderio</span> <span class='ocrx_word' id='word_1_261' title='bbox 822 3031 1002 3097; x_wconf 83' lang='lat' dir='ltr'>peceatu1·.“</span> <span class='ocrx_word' id='word_1_262' title='bbox 1038 3029 1163 3081; x_wconf 83' lang='lat' dir='ltr'>Ceterum</span> 
     </span>
     <span class='ocr_line' id='line_1_31' title="bbox 229 3115 1162 3188; baseline -0.001 -18"><span class='ocrx_word' id='word_1_263' title='bbox 229 3119 306 3188; x_wconf 82' lang='lat' dir='ltr'>juvat</span> <span class='ocrx_word' id='word_1_264' title='bbox 332 3119 357 3169; x_wconf 93' lang='lat' dir='ltr'>in</span> <span class='ocrx_word' id='word_1_265' title='bbox 384 3119 433 3170; x_wconf 84' lang='lat' dir='ltr'>hoc</span> <span class='ocrx_word' id='word_1_266' title='bbox 457 3117 565 3170; x_wconf 84' lang='lat' dir='ltr'>rnntsrio</span> <span class='ocrx_word' id='word_1_267' title='bbox 589 3130 651 3184; x_wconf 84' lang='lat' dir='ltr'>prae</span> <span class='ocrx_word' id='word_1_268' title='bbox 675 3117 759 3168; x_wconf 89' lang='lat' dir='ltr'>oculis</span> <span class='ocrx_word' id='word_1_269' title='bbox 786 3115 893 3179; x_wconf 77' lang='lat' dir='ltr'>hebere,</span> <span class='ocrx_word' id='word_1_270' title='bbox 922 3131 988 3183; x_wconf 79' lang='lat' dir='ltr'>quae</span> <span class='ocrx_word' id='word_1_271' title='bbox 1018 3115 1162 3178; x_wconf 80' lang='lat' dir='ltr'>subnecto;</span> 
     </span>
     <span class='ocr_line' id='line_1_32' title="bbox 231 3201 1161 3272; baseline -0.009 -12"><span class='ocrx_word' id='word_1_272' title='bbox 231 3206 256 3260; x_wconf 83' lang='lat'>1.</span> <span class='ocrx_word' id='word_1_273' title='bbox 275 3206 363 3257; x_wconf 85' lang='lat' dir='ltr'>&#39;l&#39;irnor</span> <span class='ocrx_word' id='word_1_274' title='bbox 381 3204 559 3272; x_wconf 85' lang='lat' dir='ltr'>potcstmalus</span> <span class='ocrx_word' id='word_1_275' title='bbox 571 3204 622 3254; x_wconf 92' lang='lat' dir='ltr'>diei</span> <span class='ocrx_word' id='word_1_276' title='bbox 644 3218 703 3254; x_wconf 92' lang='lat' dir='ltr'>non</span> <span class='ocrx_word' id='word_1_277' title='bbox 721 3202 754 3254; x_wconf 90' lang='lat' dir='ltr'>iu</span> <span class='ocrx_word' id='word_1_278' title='bbox 773 3217 817 3264; x_wconf 80' lang='lat' dir='ltr'>se,</span> <span class='ocrx_word' id='word_1_279' title='bbox 837 3203 882 3254; x_wconf 89' lang='lat' dir='ltr'>sed</span> <span class='ocrx_word' id='word_1_280' title='bbox 900 3218 946 3270; x_wconf 88' lang='lat' dir='ltr'>pro</span> <span class='ocrx_word' id='word_1_281' title='bbox 960 3202 1029 3254; x_wconf 79' lang='lat' dir='ltr'>inula</span> <span class='ocrx_word' id='word_1_282' title='bbox 1043 3201 1161 3254; x_wconf 82' lang='lat' dir='ltr'>timentis</span> 
     </span>
     <span class='ocr_line' id='line_1_33' title="bbox 230 3287 1161 3359; baseline -0.003 -17"><span class='ocrx_word' id='word_1_283' title='bbox 230 3293 410 3359; x_wconf 80' lang='lat' dir='ltr'>dispositione.</span> <span class='ocrx_word' id='word_1_284' title='bbox 446 3291 470 3343; x_wconf 84' lang='lat'>2.</span> <span class='ocrx_word' id='word_1_285' title='bbox 490 3289 606 3356; x_wconf 82' lang='lat' dir='ltr'>Spectari</span> <span class='ocrx_word' id='word_1_286' title='bbox 625 3294 708 3354; x_wconf 87' lang='lat' dir='ltr'>potest</span> <span class='ocrx_word' id='word_1_287' title='bbox 724 3295 770 3340; x_wconf 82' lang='lat' dir='ltr'>sut</span> <span class='ocrx_word' id='word_1_288' title='bbox 786 3287 917 3352; x_wconf 80' lang='lat' dir='ltr'>absolute,</span> <span class='ocrx_word' id='word_1_289' title='bbox 937 3296 982 3340; x_wconf 83' lang='lat' dir='ltr'>eut</span> <span class='ocrx_word' id='word_1_290' title='bbox 998 3291 1161 3356; x_wconf 78' lang='lat' dir='ltr'>respective:</span> 
     </span>
     <span class='ocr_line' id='line_1_34' title="bbox 228 3373 1159 3442; baseline -0.002 -14"><span class='ocrx_word' id='word_1_291' title='bbox 228 3378 349 3430; x_wconf 81' lang='lat' dir='ltr'>absolute</span> <span class='ocrx_word' id='word_1_292' title='bbox 368 3376 520 3438; x_wconf 82' lang='lat' dir='ltr'>bonusest,</span> <span class='ocrx_word' id='word_1_293' title='bbox 539 3375 681 3441; x_wconf 86' lang='lat' dir='ltr'>respective</span> <span class='ocrx_word' id='word_1_294' title='bbox 698 3390 759 3428; x_wconf 89' lang='lat' dir='ltr'>vero</span> <span class='ocrx_word' id='word_1_295' title='bbox 777 3376 809 3424; x_wconf 83' lang='lat' dir='ltr'>ad</span> <span class='ocrx_word' id='word_1_296' title='bbox 827 3375 978 3428; x_wconf 80' lang='lat' dir='ltr'>charitatem</span> <span class='ocrx_word' id='word_1_297' title='bbox 996 3373 1085 3427; x_wconf 85' lang='lat' dir='ltr'>miuus</span> <span class='ocrx_word' id='word_1_298' title='bbox 1097 3391 1159 3442; x_wconf 89' lang='lat' dir='ltr'>per-</span> 
     </span>
     <span class='ocr_line' id='line_1_35' title="bbox 232 3446 1160 3528; baseline -0.003 -13"><span class='ocrx_word' id='word_1_299' title='bbox 232 3446 331 3528; x_wconf 85' lang='lat' dir='ltr'>lectus,</span> <span class='ocrx_word' id='word_1_300' title='bbox 349 3467 374 3515; x_wconf 86' lang='lat' dir='ltr'>et</span> <span class='ocrx_word' id='word_1_301' title='bbox 391 3461 479 3514; x_wconf 77' lang='lat' dir='ltr'>leuiori</span> <span class='ocrx_word' id='word_1_302' title='bbox 497 3474 575 3512; x_wconf 88' lang='lat' dir='ltr'>sensu</span> <span class='ocrx_word' id='word_1_303' title='bbox 594 3459 643 3512; x_wconf 89' lang='lat' dir='ltr'>suh</span> <span class='ocrx_word' id='word_1_304' title='bbox 662 3460 711 3512; x_wconf 85' lang='lat' dir='ltr'>hac</span> <span class='ocrx_word' id='word_1_305' title='bbox 720 3460 924 3514; x_wconf 81' lang='lat' dir='ltr'>consideratione</span> <span class='ocrx_word' id='word_1_306' title='bbox 941 3460 1050 3524; x_wconf 76' lang='lat' dir='ltr'>melus</span> <span class='ocrx_word' id='word_1_307' title='bbox 1067 3475 1160 3528; x_wconf 84' lang='lat' dir='ltr'>quen-</span> 
     </span>
     <span class='ocr_line' id='line_1_36' title="bbox 233 3545 1160 3616; baseline 0.002 -16"><span class='ocrx_word' id='word_1_308' title='bbox 233 3551 331 3616; x_wconf 86' lang='lat' dir='ltr'>doque,</span> <span class='ocrx_word' id='word_1_309' title='bbox 350 3548 368 3600; x_wconf 94' lang='lat' dir='ltr'>i.</span> <span class='ocrx_word' id='word_1_310' title='bbox 387 3563 409 3602; x_wconf 84' lang='lat' dir='ltr'>s.</span> <span class='ocrx_word' id='word_1_311' title='bbox 428 3549 515 3598; x_wconf 84' lang='lat' dir='ltr'>minus</span> <span class='ocrx_word' id='word_1_312' title='bbox 534 3546 617 3598; x_wconf 91' lang='lat' dir='ltr'>bonus</span> <span class='ocrx_word' id='word_1_313' title='bbox 634 3546 736 3600; x_wconf 91' lang='lat' dir='ltr'>dieitur.</span> <span class='ocrx_word' id='word_1_314' title='bbox 771 3545 795 3600; x_wconf 84' lang='lat'>3.</span> <span class='ocrx_word' id='word_1_315' title='bbox 816 3545 902 3601; x_wconf 85' lang='lat' dir='ltr'>Timor</span> <span class='ocrx_word' id='word_1_316' title='bbox 920 3561 1060 3613; x_wconf 80' lang='lat' dir='ltr'>poenarum</span> <span class='ocrx_word' id='word_1_317' title='bbox 1073 3562 1093 3600; x_wconf 82' lang='lat' dir='ltr'>e</span> <span class='ocrx_word' id='word_1_318' title='bbox 1105 3551 1160 3602; x_wconf 83' lang='lat' dir='ltr'>Deo</span> 
     </span>
     <span class='ocr_line' id='line_1_37' title="bbox 233 3632 1160 3700; baseline 0.002 -14"><span class='ocrx_word' id='word_1_319' title='bbox 233 3634 437 3700; x_wconf 78' lang='lat' dir='ltr'>indagendsrurn</span> <span class='ocrx_word' id='word_1_320' title='bbox 465 3637 506 3686; x_wconf 81' lang='lat' dir='ltr'>cst</span> <span class='ocrx_word' id='word_1_321' title='bbox 528 3633 679 3698; x_wconf 83' lang='lat' dir='ltr'>medium,</span> <span class='ocrx_word' id='word_1_322' title='bbox 707 3645 753 3686; x_wconf 87' lang='lat' dir='ltr'>seu</span> <span class='ocrx_word' id='word_1_323' title='bbox 772 3632 849 3684; x_wconf 84' lang='lat' dir='ltr'>habet</span> <span class='ocrx_word' id='word_1_324' title='bbox 873 3636 996 3686; x_wconf 75' lang='lat' dir='ltr'>rationem</span> <span class='ocrx_word' id='word_1_325' title='bbox 1021 3634 1101 3686; x_wconf 85' lang='lat' dir='ltr'>medii</span> <span class='ocrx_word' id='word_1_326' title='bbox 1126 3639 1160 3688; x_wconf 77' lang='lat' dir='ltr'>ad</span> 
     </span>
     <span class='ocr_line' id='line_1_38' title="bbox 163 3717 1160 3789; baseline 0.003 -18"><span class='ocrx_word' id='word_1_327' title='bbox 163 3759 166 3771; x_wconf 86' lang='grc'><strong>.</strong></span> <span class='ocrx_word' id='word_1_328' title='bbox 233 3721 362 3772; x_wconf 76' lang='lat' dir='ltr'>vitandam</span> <span class='ocrx_word' id='word_1_329' title='bbox 382 3719 497 3788; x_wconf 72' lang='lat' dir='ltr'>culpem,</span> <span class='ocrx_word' id='word_1_330' title='bbox 516 3733 566 3774; x_wconf 86' lang='lat' dir='ltr'>uon</span> <span class='ocrx_word' id='word_1_331' title='bbox 584 3721 669 3774; x_wconf 79' lang='lat' dir='ltr'>autem</span> <span class='ocrx_word' id='word_1_332' title='bbox 687 3717 765 3772; x_wconf 80' lang='lat' dir='ltr'>hehet</span> <span class='ocrx_word' id='word_1_333' title='bbox 780 3718 904 3772; x_wconf 84' lang='lat' dir='ltr'>rationem</span> <span class='ocrx_word' id='word_1_334' title='bbox 920 3717 993 3788; x_wconf 83' lang='lat' dir='ltr'>finis,</span> <span class='ocrx_word' id='word_1_335' title='bbox 1011 3734 1098 3789; x_wconf 79' lang='lat' dir='ltr'>nsque</span> <span class='ocrx_word' id='word_1_336' title='bbox 1114 3723 1160 3775; x_wconf 87' lang='lat' dir='ltr'>io-</span> 
     </span>
    </p>
   </div>
   <div class='ocr_carea' id='block_1_4' title="bbox 1229 761 1237 1662">
    <p class='ocr_par' dir='ltr' id='par_1_4' title="bbox 1229 761 1237 1662">
     <span class='ocr_line' id='line_1_39' title="bbox 1229 761 1237 1662; baseline 0 0"><span class='ocrx_word' id='word_1_337' title='bbox 1229 761 1237 1662; x_wconf 95' lang='lat' dir='ltr'> </span> 
     </span>
    </p>
   </div>
   <div class='ocr_carea' id='block_1_5' title="bbox 0 0 1238 4218">
    <p class='ocr_par' dir='ltr' id='par_1_5' title="bbox 0 0 1238 4218">
     <span class='ocr_line' id='line_1_40' title="bbox 0 0 1238 4218; baseline 0 4"><span class='ocrx_word' id='word_1_338' title='bbox 0 0 1238 4218; x_wconf 95' lang='lat' dir='ltr'> </span> 
     </span>
    </p>
   </div>
  </div>
 </body>
</html>
