2468 4218
525 261 749 336 -150-

134 435 223 503 enirn
244 435 384 521 gravius
404 433 622 502 intentionem
650 434 809 502 mentium
828 455 941 502 rerum
969 434 1135 523 tranquil·

134 533 216 603 litas
235 543 358 616 tentat,
378 543 417 600 ut
438 555 505 622 quo
527 555 594 600 non
615 545 693 600 sunt
714 533 872 618 molesta,
894 555 981 623 quae
1002 544 1135 616 tenent,

134 634 307 702 eominus
330 633 487 700 amabilia
507 634 602 718 fiant,
629 655 716 722 quae
733 644 866 717 vocant,
890 646 1000 721 etquo
1023 634 1134 700 deleo·

133 742 210 800 tant
231 734 432 821 praesentia,
455 755 494 799 eo
516 755 582 800 non
606 733 822 821 inquirantur
841 745 989 800 aeterna.
1033 733 1135 800 Unde

135 845 170 900 et
191 855 253 921 per
282 834 492 921 semetipsam
513 835 649 902 Veritas
669 833 828 922 loquens,
859 855 933 900 oum
962 843 1135 899 terrenam

133 954 252 1024 pacem
278 955 299 998 a
321 955 468 1020 superna
489 932 730 1017 distingueret,
758 942 861 1021 atque
889 931 932 998 ad
953 941 1133 999 venturum

135 1032 318 1120 discipulos
339 1055 382 1098 ex
402 1033 572 1120 praesenti
586 1042 791 1119 provocaret,
815 1033 878 1099 ait:
900 1033 1047 1099 Pacem
1069 1054 1132 1097 re·

134 1133 285 1220 linquo
308 1133 451 1214 vobis,
474 1155 618 1220 paoem
639 1155 766 1200 meam
788 1131 836 1199 do
859 1133 990 1199 vobis.
1009 1131 1033 1220 ¹)
1062 1133 1132 1199 Re·

132 1231 248 1320 linque
272 1233 398 1299 seilicet
417 1233 664 1312 transitoriam,
686 1231 727 1300 do
749 1253 949 1298 mansuram.
992 1231 1030 1298 Si
1050 1253 1134 1318 ergo

12 1351 13 1356 ’
133 1333 171 1400 in
193 1353 233 1398 ea
254 1355 322 1414 cor,
347 1355 433 1422 quae
455 1332 572 1398 relicta
592 1342 653 1416 eat,
673 1332 799 1418 figitur,
820 1353 1002 1420 numquam
1023 1332 1068 1397 ad
1090 1333 1132 1398 il·

133 1433 213 1516 lam,
238 1453 325 1520 quae
347 1431 460 1498 danda
482 1441 544 1516 est,
566 1433 768 1520 pervenitur.
812 1433 887 1498 Pax
908 1433 1010 1518 igitur
1030 1455 1155 1519 praev

134 1555 213 1600 sens
235 1533 282 1597 ita
303 1530 449 1597 tenenda
467 1543 528 1616 est,
550 1543 583 1598 et
603 1543 642 1598 ut
665 1531 761 1617 diligi
772 1533 895 1598 debeat
909 1544 942 1599 et
952 1535 1132 1618 contemni,
1225 1525 1226 1532 ἵ

133 1655 177 1698 ne
201 1633 229 1696 si
241 1629 455 1695 immoderate
466 1628 626 1714 diligitur,
650 1631 966 1717 diligentisanimus
982 1631 1132 1720 inculpa

133 1732 297 1816 capiatur.
341 1729 439 1796 Unde
462 1739 495 1795 et
515 1729 714 1796 admonendi
736 1744 814 1799 sunt
834 1735 963 1819 pacati,
985 1756 1027 1799 ne
1048 1731 1132 1797 dum

133 1831 233 1897 nimis
254 1829 431 1895 humanam
453 1847 568 1913 paoem
587 1829 792 1916 desiderant,
814 1855 938 1921 pravos
960 1831 1133 1899 hominum

131 1952 242 1996 mores
262 1949 476 2016 nequaquam
495 1927 715 2014 redarguant,
743 1941 776 1996 et
797 1932 1032 1998 consentiendo
1052 1953 1133 2018 per-

132 2030 252 2110 versis,
277 2027 319 2094 ab
337 2029 480 2093 auctoris
508 2029 562 2093 sui
584 2052 619 2094 se
640 2051 724 2118 paee
747 2030 962 2119 disjungant,
986 2053 1028 2099 ne
1049 2031 1135 2098 dum

131 2128 278 2197 humana
299 2129 391 2194 foras
409 2127 526 2214 jurgia
548 2136 718 2212 metuunt,
748 2131 873 2197 interni
893 2130 1035 2197 foederis
1057 2129 1135 2198 dis·

132 2231 274 2297 cissione
291 2226 318 2314 ²)
339 2229 513 2294 feriantur.
557 2227 648 2310 Quid
660 2240 710 2296 est
732 2232 820 2296 enim
832 2254 901 2318 pax
922 2231 1134 2316 transitoria,

6 2385 8 2392 ,
130 2331 198 2397 uisi
220 2328 385 2416 quoddam
407 2329 586 2414 vestigium
608 2330 701 2416 pacis
723 2331 905 2396 aeternae?
937 2329 1026 2411 Quid
1048 2351 1133 2415 ergo
1227 2377 1228 2420 p

133 2449 207 2498 esse
229 2428 414 2494 dementius
435 2435 556 2514 potest,
580 2431 837 2515 quamvestigia
860 2431 893 2494 in
906 2428 1045 2517 pulvere
1066 2427 1133 2494 im·
1227 2421 1228 2448 *

131 2549 252 2618 pressa
283 2526 440 2616 diligere,
472 2527 531 2594 sed
553 2530 679 2617 ipsum,
717 2549 825 2616 aquo
854 2529 1017 2617 impressa
1039 2537 1134 2614 sunt,

131 2651 199 2696 non
220 2629 358 2695 amare?
392 2629 480 2696 Hinc
500 2629 615 2696 David
642 2627 720 2694 dum
741 2639 846 2696 totum
869 2651 904 2696 se
927 2629 970 2696 ad
991 2627 1133 2694 foedera

129 2730 227 2820 pacis
255 2729 407 2794 internae
436 2729 699 2814 constringeret,
736 2737 899 2813 testatur,
934 2726 1022 2816 quod
1052 2749 1133 2792 eum

130 2829 229 2896 malis
251 2828 460 2896 concordiam
483 2851 548 2896 non
570 2837 707 2910 teneret,
732 2826 861 2895 dicens:
888 2828 1030 2894 Nonne
1053 2831 1132 2912 qui

130 2938 169 2996 te
192 2929 392 3012 oderunt,
414 2930 546 3012 Deus,
577 2927 742 2996 oderam
770 2928 891 3014 illos,
923 2939 963 2994 et
1000 2951 1132 3016 super

130 3029 326 3097 inimicos
355 3039 448 3096 tuos
477 3028 773 3096 tabescebam?
807 3030 1006 3098 Perfecto
1029 3026 1132 3096 odio

130 3131 302 3198 oderam
337 3129 458 3195 illos:
493 3130 660 3196 inimici
690 3132 798 3196 facti
836 3141 939 3196 sunt
967 3129 1077 3196 mihi.
1100 3129 1131 3214 ³)

127 3228 420 3297 Inimicosetenim
431 3226 499 3292 Dei
519 3227 666 3314 perfeeto
688 3228 896 3312 odioodisse,
918 3237 1016 3296 estet
1037 3228 1133 3317 quod

128 3329 213 3396 faeti
235 3340 313 3396 sunt
335 3326 490 3412 diligere,
514 3337 547 3393 et
562 3327 790 3415 quodfaeiunt
807 3329 997 3417 increpare:
1018 3349 1130 3393 mores

129 3447 310 3520 pravorum
330 3449 493 3516 premere,
515 3429 607 3496 vitae
628 3423 796 3516 prodesse.

193 3525 407 3595 Pensandum
435 3549 515 3614 ergo
544 3537 613 3612 est,
651 3527 787 3616 qnando
818 3527 862 3595 ab
893 3528 1130 3615 increpatione

140 3660 189 3676 -

164 3732 185 3798 ¹)
203 3733 279 3790 Joan.
298 3731 339 3800 1t,
356 3735 399 3788 2⁷.
417 3763 451 3774 -
475 3733 495 3800 q
512 3733 579 3794 Alit.
594 3733 761 3790 disemiona.
787 3761 822 3774 -
845 3732 927 3799 ⁸)Ps.
947 3733 1006 3803 1³8,
1023 3734 1066 3788 tt.
1082 3734 1131 3788 22.
