2462 4220
455 255 683 321 *aot-

72 441 141 507 quo
164 419 322 485 videlieet
342 420 449 506 pretio
480 429 635 507 percepto
658 419 792 484 veritas
813 419 908 488 dicit:
938 421 1066 492 Arnon

71 518 167 584 dieo
196 519 340 601 vobis,
369 531 626 605 receperunt
648 519 871 584 mercedem
895 543 1018 586 suam.
1038 518 1064 609 ¹)

70 614 281 682 Admonendi
305 627 399 698 sunt,
430 629 468 682 ut
492 613 711 698 consideretit,
742 619 822 705 quia
844 619 921 684 dum
942 642 1065 707 pravos

69 738 111 780 se
134 717 168 778 in
188 715 324 781 occultis
354 713 531 797 exhibent,
560 715 617 780 sed
646 727 758 782 tamen
784 717 938 804 exempla
966 719 1007 784 de
1028 739 1075 785 se-

70 812 204 901 publice
226 815 261 879 in
289 813 386 878 bonis
415 813 571 900 operibus
592 815 775 900 praebent,
803 817 985 884 ostendunt
1013 839 1064 883 se·

70 913 220 999 quanda,
244 934 329 998 quae
349 913 499 996 fugiunt,
523 911 669 978 clamant
691 913 850 996 amanda,
875 937 962 1001 qnae
986 915 1075 982 ode·⁴

71 1022 163 1093 runt,
186 1011 304 1078 vivunt
324 1021 490 1097 postremo
513 1011 603 1093 aliis,
626 1021 659 1076 et
681 1011 745 1076 sibi
766 1013 959 1079 moriuntur.

136 1109 181 1175 At
202 1121 315 1176 eontra
336 1109 534 1176 admonendi
556 1120 651 1192 sunt,
682 1113 740 1197 qui
761 1111 849 1176 bona
869 1113 994 1180 occulte
1015 1114 1065 1179 fa·

70 1209 177 1291 oiunt,
201 1219 234 1274 et
248 1218 359 1275 tamen
374 1207 572 1294 quibusdam
582 1209 682 1274 fantis
697 1208 830 1296 publiea
853 1208 894 1275 de
918 1233 956 1276 se
975 1209 1075 1276 mala

72 1309 205 1396 opinari
225 1310 431 1395 permittunt,
453 1331 496 1372 ne
512 1327 586 1372 eum
611 1311 696 1376 bona
712 1311 905 1394 semetipsos
926 1310 1065 1375 aetionis

70 1418 185 1474 reatae
206 1409 329 1472 virtute
351 1407 539 1488 vivificant,
571 1410 607 1474 in
630 1431 666 1473 ss
691 1407 775 1473 alios
796 1428 856 1494 per
878 1407 1075 1495 exemplumv

71 1527 201 1593 pravae
224 1508 464 1572 aestimationis
493 1505 663 1574 occidant:
691 1530 734 1572 ne
763 1509 872 1574 minus
901 1528 999 1592 quam
1029 1527 1064 1594 se

70 1607 240 1693 proximos
262 1605 417 1690 diligant,
441 1617 474 1672 et
497 1627 569 1671 oum
592 1609 658 1694 ipsi
678 1605 847 1672 salubrem
868 1617 982 1695 potum
995 1605 1066 1670 vini

72 1703 249 1788 sorbeant,
284 1705 421 1771 intentis
449 1707 485 1772 in
518 1709 571 1772 sui
606 1707 870 1772 consideratione
900 1703 1066 1770 mentibus

71 1803 270 1891 pestiferum
291 1807 414 1870 ueneni
435 1806 590 1892 poculum
605 1806 758 1873 fundant.
800 1807 846 1870 Hi
857 1805 1010 1870 nimirum
1030 1803 1067 1869 in

71 1923 139 1970 uno
165 1903 389 1986 proximorum
418 1908 522 1969 vitam
550 1907 659 1970 minus
686 1905 867 1993 adjuvant,
897 1905 933 1968 in
962 1903 1066 1968 altero

72 2001 214 2067 multum
226 2013 382 2086 gravant,
405 2003 481 2068 dum
498 2004 634 2069 student
656 2013 689 2068 et
699 2012 791 2068 reeta
803 2001 930 2069 occulte
952 2023 1065 2086 agere,

72 2113 108 2168 et
131 2102 331 2188 quibusdam
351 2102 452 2168 fantis
481 2104 525 2168 ad
547 2101 736 2189 exemplum
758 2103 798 2168 de
829 2125 863 2167 se
885 2123 993 2184 prava
1016 2122 1066 2166 se·

73 2205 213 2268 minare.
257 2200 419 2287 Quisquis
439 2203 526 2267 enim
548 2201 656 2268 laudis
678 2203 977 2288 consupiscentiam
998 2198 1066 2265 eal·

74 2321 152 2366 aare
175 2303 248 2389 jam
270 2301 409 2384 suffieit,
439 2301 682 2367 aedificationis
708 2301 858 2368 fraudem
884 2308 1068 2388 perpetrat,

76 2405 106 2468 si
127 2401 215 2468 bona
239 2423 325 2488 quae
341 2403 412 2486 agit
433 2401 593 2482 occultat,
623 2403 775 2489 etquasi
791 2402 918 2489 jactato
940 2399 1067 2466 semine

75 2500 286 2589 germinandi
311 2501 442 2566 radiosa
465 2501 648 2582 subtrahit,
676 2502 734 2588 qui
756 2523 855 2587 opus,
885 2498 972 2586 quod
993 2499 1066 2562 imi·

74 2601 213 2668 tandum
237 2613 303 2684 est,
333 2623 401 2666 non
423 2599 577 2671 ostendit.
618 2602 706 2667 Hine
732 2623 877 2686 namque
899 2601 935 2664 in
954 2599 1067 2664 Evan-

75 2701 162 2789 gelio
179 2701 315 2768 Veritas
330 2701 425 2766 dieit:
447 2703 630 2768 Videant
645 2723 770 2784 opera
789 2707 934 2763 vestra
950 2696 1068 2778 bona,

75 2813 116 2868 et
137 2799 389 2888 glorificent
409 2801 575 2866 Patrem
597 2809 800 2882 vestrum,
824 2800 896 2884 qui
917 2798 960 2864 in
981 2817 1068 2862 ooe·

74 2903 128 2968 lis
150 2911 221 2966 est
236 2897 263 2987 2)
308 2899 377 2965 Ubi
393 2900 451 2964 illa
464 2923 595 2988 quoque
608 2899 774 2965 sententia
786 2899 958 2984 promitur,
982 2916 1069 2983 quae

74 3000 176 3088 longe
188 2998 282 3067 aliud
293 3001 504 3088 praecepisse
514 3001 659 3084 videtur,
683 2999 812 3064 disens:
833 2995 1068 3076 Attendite,

75 3125 127 3168 ne
153 3101 378 3190 justitiam
407 3109 589 3166 vestram
616 3097 794 3168 faciatis
826 3118 968 3163 eoram
997 3095 1069 3160 ho·
1114 3149 1125 3167 s

74 3201 275 3281 minibus,
306 3209 350 3266 ut
371 3197 605 3265 videamini
628 3198 678 3263 ab
701 3199 771 3263 eis.
792 3195 819 3280 3)

141 3299 231 3380 Quid
253 3309 304 3366 est
325 3319 416 3384 ergo,
438 3299 527 3386 quod
549 3321 632 3386 opus
654 3307 855 3364 nostramet
875 3297 924 3361 ita
944 3295 1076 3361 faeiem,

75 3403 156 3468 dum
179 3407 241 3482 est,
264 3421 307 3465 ne
328 3397 504 3480 videatur,
538 3408 722 3478 ettamen,
750 3405 790 3462 ut
808 3394 932 3461 debeat
951 3394 1072 3477 videri,

74 3499 295 3589 praecipitur:
323 3499 389 3564 nisi
418 3496 509 3586 quod
539 3517 578 3564 ea
610 3519 697 3586 quae
719 3495 865 3581 agimus,
900 3503 934 3560 et
961 3493 1070 3562 oooul·

113 3711 135 3782 ·)
151 3713 243 3768 nstin.
260 3713 286 3780 s,
303 3719 328 3772 a
347 3712 372 3768 s.
392 3740 422 3752 -
442 3709 466 3780 ²)
485 3711 577 3768 mun.
593 3709 620 3780 o,
633 3707 681 3766 aa
700 3737 733 3750 -
751 3707 775 3777 ¹)
793 3709 887 3768 nam.
903 3709 929 3778 o,
945 3708 973 3762 1.
1041 3715 1042 3724 Ν
