2486 4222
551 267 590 285 ..-
633 233 753 298 56.-

155 406 223 478 est,
258 407 290 462 et
319 397 497 482 vigilanter
525 396 737 476 intuendum,
764 419 806 462 ne
829 398 906 462 dnm
928 419 1008 498 eure
1031 399 1075 464 ab
1101 404 1155 464 eis

155 499 300 580 exterior
332 499 460 581 agitur,
493 498 535 562 ab
565 499 698 564 interna
724 498 908 564 intentione
943 509 1156 584 mergantur.

155 595 358 684 Plerumque
381 599 487 680 enim,
510 607 547 663 ut
568 596 815 684 praediximus,
849 597 948 664 cerda
971 608 1153 682 rectorum,

156 696 233 762 dum
253 696 428 782 temporali
457 697 685 784 sollicitudini!
700 699 835 764 incaute
863 697 1074 780 deserviunt,
1102 698 1153 763 ab

154 796 270 862 intime
292 819 400 862 amore
421 797 622 882 frigescunt3
645 807 677 862 et
698 796 790 864 feras
811 796 889 862 fusa
902 796 1058 864 oblivisci
1079 820 1154 864 nen

154 903 318 978 metuent,
345 897 796 982 quiaanimarumregimina
812 909 1039 984 susceperunt.
1073 897 1152 964 Sel-

154 993 292 1062 licitudo
320 1019 416 1080 erge,
452 1019 539 1084 quae
568 994 713 1062 subditis
750 1000 900 1064 exterius
932 997 1153 1084 impenditur,

156 1093 217 1160 sub
239 1105 330 1162 certa
345 1118 481 1162 necesse
496 1106 546 1162 est
556 1120 713 1164 mensura
726 1107 890 1164 teneatur.
934 1096 1034 1162 Unde
1058 1098 1151 1164 bene

154 1195 197 1259 ad
218 1194 426 1260 Ezechielem
451 1195 593 1261 dieitur:
618 1196 864 1264 Sacerdotes
887 1208 1010 1283 eaput
1033 1219 1151 1262 suum

153 1317 231 1360 nen
262 1293 435 1377 radent,
466 1319 599 1382 neque
630 1317 781 1360 comam
813 1297 1040 1379 nutrient,
1070 1295 1153 1361 sed

153 1392 384 1460 tendentes
405 1394 661 1460 attondeant
683 1396 831 1481 eapite
854 1419 941 1462 sua.
958 1401 983 1480 ¹)
1009 1396 1150 1461 :Sacer-

48 1561 51 1570 ,
153 1491 246 1557 detes
269 1513 413 1577 namque
430 1494 510 1580 jure
533 1495 643 1559 vocati
666 1504 759 1574 sunt,
794 1496 852 1581 qui
872 1505 909 1560 ut
931 1517 1062 1560 sacrum
1083 1493 1149 1560 du·
1229 1533 1232 1542 .

153 1601 262 1670 catum
284 1591 483 1677 praebeant,
498 1590 525 1679 ²)
548 1593 705 1659 fidelibus
716 1604 887 1690 praesunt.
931 1592 1056 1682 Capilli
1066 1616 1149 1662 vere

152 1691 186 1754 in
209 1693 317 1778 eapite
340 1692 523 1758 exteriores
546 1703 625 1758 sunt
645 1694 865 1778 cogitationes
887 1696 922 1758 in
940 1703 1065 1759 mente:
1086 1695 1151 1780 qui

179 1956 198 2014 ¹)
218 1955 310 2006 Erech.
329 1953 370 2020 44,
389 1956 432 2009 20.

177 2039 196 2102 ²)
215 2039 319 2092 ⁴alludit
336 2040 363 2093 S.
382 2042 489 2110 Gregor.
508 2043 540 2093 ad
559 2056 646 2094 veeem
666 2043 854 2108 sacerdes,
880 2056 947 2108 quae
965 2041 1064 2092 ordinis
1081 2042 1148 2109 dig·

219 2128 323 2180 nitatem
351 2125 430 2182 effert.
466 2127 494 2180 Si
513 2128 571 2198 ejus
588 2129 621 2180 ad
639 2129 721 2180 Deum
740 2127 890 2180 relationem
909 2127 1077 2196 inspicimus,
1096 2141 1147 2179 sa-

218 2213 387 2267 crificatorem
404 2213 549 2282 signifieat3
566 2213 589 2266 si
607 2213 686 2266 aliam
705 2215 739 2266 aii
757 2213 888 2280 populum,
908 2213 975 2266 idem
993 2214 1096 2266 denotat
1114 2229 1148 2267 ae
1204 2246 1207 2251 ·

221 2314 297 2352 sacra
315 2303 395 2366 daus,
419 2315 495 2354 saera
520 2301 623 2367 decens,
642 2314 716 2353 sacer
734 2300 803 2365 iux,
828 2299 870 2351 vel
888 2300 1034 2352 sacratos.
1064 2299 1149 2353 Hisce

128 2417 131 2423 ·
221 2386 340 2438 omnibus
355 2387 516 2454 indigitetur,
534 2391 616 2439 tetum
634 2385 775 2448 sacerdotis
792 2386 925 2452 negotium
944 2386 971 2438 in
988 2401 1017 2438 ce
1036 2386 1148 2452 versari,

220 2479 248 2524 ut
266 2475 344 2524 tetum
363 2487 391 2524 se
410 2472 473 2539 Dee,
491 2473 677 2540 tetnmpepule
694 2485 846 2524 consecrare
864 2476 991 2540 operteat:
1011 2472 1065 2524 Dee
1080 2471 1146 2539 qui·

219 2558 274 2610 dem
288 2571 333 2629 per
350 2556 475 2610 sacrificia
492 2559 653 2627 quaeoffert,
670 2557 766 2626 popule
785 2571 844 2610 rere
862 2573 908 2625 per
926 2561 1147 2611 sacramentorum

218 2643 343 2716 verbique
354 2644 437 2696 divini
454 2645 720 2710 administrationem
739 2645 794 2696 Dee
811 2657 857 2712 per
869 2647 1056 2710 commercium,
1076 2643 1146 2712 qued

218 2727 339 2798 precibus
357 2732 453 2797 nutrit,
472 2731 569 2800 popule
588 2745 634 2797 per
643 2729 899 2783 communicationem
908 2730 1058 2798 gratiarnm,
1077 2744 1146 2798 ques

218 2815 290 2868 velut
306 2817 372 2870 alter
390 2819 496 2886 Moyses
515 2817 539 2870 ei
557 2815 679 2884 precibus
697 2815 828 2884 impetrai;
850 2813 903 2868 Deo
922 2817 1047 2884 denique,
1068 2816 1146 2870 debi-

218 2907 269 2956 tam
293 2901 334 2954 ilii
359 2903 471 2970 gloriam
501 2908 527 2958 et
553 2903 675 2956 honorem
698 2886 827 2954 iaciente
854 2915 1019 2970 supremum,
1047 2901 1146 2969 populo

218 2988 354 3056 religionis
369 2989 502 3042 exercitiis
520 2988 623 3041 animas
647 2975 844 3043 sanctificandos
876 2989 1052 3054 Congruenter
1069 2987 1146 3056 proin

217 3072 245 3128 S.
263 3075 376 3129 Thomas
398 3092 426 3144 p.
444 3073 470 3128 3.
488 3090 513 3142 q.
531 3076 573 3129 22.
593 3075 617 3128 1.
635 3075 710 3140 dicit,
733 3076 818 3142 „qued
835 3076 939 3145 propris
962 3073 1077 3128 officium
1094 3087 1146 3128 sa-

169 3205 172 3208 .
217 3161 328 3214 certetis
354 3165 393 3216 est
415 3175 473 3214 esse
504 3161 670 3214 mediatorem
695 3161 763 3214 inter
787 3163 870 3214 Deum
896 3165 921 3214 ei
946 3159 1085 3230 populum:
1115 3161 1145 3212 in

172 3291 177 3298 .
217 3252 342 3316 quantun
360 3246 461 3300 scilieet
484 3245 574 3300 divina
590 3248 688 3316 populo
706 3248 783 3301 tradit
807 3245 885 3316 (ende
902 3247 996 3300 dicitnr
1013 3245 1146 3312 marles,

219 3335 295 3401 quasi
320 3325 396 3388 saera
419 3331 499 3400 dans)
521 3333 663 3388 seeundum
687 3334 754 3387 illud
778 3334 893 3402 Maiaeh.
910 3335 935 3402 2,
954 3337 979 3386 t.
1014 3333 1147 3406 Legem

220 3420 412 3489 requirent
436 3432 477 3472 ex
501 3433 555 3472 ere
580 3419 669 3490 eJus,
694 3419 796 3476 seilicet
821 3421 975 3480 sacerdotis:
1002 3421 1145 3486 etiterum,

175 3547 177 3556 .
214 3506 384 3574 inquantum
404 3519 493 3574 preces
514 3506 604 3575 pepuli
629 3506 685 3562 Dee
705 3508 791 3578 offert,
805 3513 838 3582 et
854 3525 900 3580 pro
923 3525 1012 3564 aerum
1029 3509 1146 3581 peemtis

216 3593 272 3645 Deo
295 3591 445 3662 aliqualiter
471 3591 608 3656 satisfacit.
650 3593 723 3662 Unde
748 3594 893 3666 apestolus
920 3596 985 3658 dicit
1007 3595 1042 3650 at
1064 3593 1145 3656 Habe

217 3678 242 3742 5,
263 3676 427 3754 190ureis
449 3679 623 3734 Pontifex
641 3683 704 3736 etc!
722 3718 729 3732 .
747 3719 781 3740 ,.
820 3721 823 3728 ,
