2468 4218
456 271 661 338 -95-

57 444 183 529 qnippe
198 439 389 530 impellente
400 442 525 526 agitur,
547 447 586 504 ut
600 447 688 504 totus
711 436 800 504 foras
823 441 958 522 spiritns
979 463 1056 527 pro-

54 541 201 624 feratur3
225 563 323 627 quern
345 540 468 606 idcirco
495 537 706 626 perturbatio
730 541 828 605 citius
851 542 952 628 eJ'icit,
975 541 1055 628 qnia

55 641 152 706 nulla
190 642 331 707 interius
367 638 546 726 disciplina
584 639 771 724 sapientiae
813 640 1055 706 circumcludit

56 741 203 829 Sapiens
224 748 336 807 autem
353 739 464 806 differt
485 747 519 804 et
532 739 729 804 reservatio
746 748 926 827 posterum.
967 740 1057 806 Lae·
1109 798 1111 802 .

54 863 113 907 sus
137 841 225 906 enim
246 841 283 906 in
304 862 464 930 praesens
489 863 523 906 se
543 839 663 906 ulcisci
680 863 746 905 non
769 839 949 923 desiderat,
973 839 1060 928 quia

52 943 159 1005 etiam
180 939 332 1006 tolerans
353 941 448 1022 parci
462 948 565 1028 optat,
588 939 648 1005 sed
663 949 775 1006 tamen
782 941 873 1028 juste
888 938 1054 1006 vindicari

52 1042 169 1107 omnia
192 1050 337 1106 extremo
355 1039 483 1126 judicio
505 1061 573 1105 non
596 1041 738 1124 ignorat.

115 1141 164 1206 At
192 1149 310 1208 contra
339 1137 538 1206 admonendi
567 1150 645 1204 sunt
665 1142 847 1226 patientes,
880 1161 923 1206 ne
945 1143 981 1204 in
1002 1163 1056 1223 eo,

53 1239 147 1326 qnod
168 1241 316 1318 euterius
338 1249 490 1326 portant,
519 1239 660 1304 interius
687 1238 840 1323 doleant3
867 1261 910 1303 ne
938 1247 1054 1305 tantae

51 1340 191 1407 virtutis
213 1340 431 1422 sacrificium,
463 1339 553 1426 quod
569 1341 738 1424 integrum
757 1338 850 1405 foras
871 1338 1053 1422 imfflolant,

51 1441 148 1504 intus
170 1438 314 1504 malitiae
335 1448 429 1526 peste
452 1449 684 1525 corrumpant,
716 1447 750 1504 et
779 1461 853 1504 cum
880 1440 923 1504 ab
949 1437 1054 1504 homi·

50 1537 158 1604 nibus
179 1561 247 1604 non
267 1539 482 1622 agnoscitur,
507 1537 566 1603 sed
588 1547 699 1604 tamen
722 1537 914 1604 subdivina
930 1540 1054 1604 exami-

51 1639 194 1704 natione
214 1649 391 1725 peccatur,
427 1647 519 1704 tanto
542 1637 686 1703 deterior
708 1637 806 1723 culpa
828 1633 949 1706 doloris
981 1638 1053 1722 fiat,

53 1746 182 1824 quanto
205 1737 269 1802 sibi
292 1747 370 1806 ante
392 1737 542 1803 homines
563 1739 698 1804 virtutis
720 1739 863 1824 speciem
895 1737 1054 1805 vindicat

117 1836 307 1902 Dicendum
328 1838 444 1923 itaque
467 1848 518 1903 est
536 1837 755 1925 patientibus,
778 1848 816 1904 ut
832 1837 990 1904 studeant
1005 1837 1054 1904 di-

52 1935 183 2021 ligere,
208 1958 290 2023 quos
312 1937 378 2002 sibi
399 1959 536 2003 necesse
558 1947 609 2002 est
630 1936 790 2020 tolerare,
813 1959 856 2003 ne
879 1937 908 2003 si
926 1938 1057 2025 patien-

50 2039 138 2102 tiam
170 2036 304 2103 dilectio
330 2047 605 2126 consequatur,
637 2039 672 2103 iu
704 2037 901 2103 deteriorem
923 2037 1056 2123 culpam

52 2136 123 2202 odii
143 2137 249 2202 virtus
272 2146 406 2203 ostensa
427 2146 589 2202 vertatur.
634 2136 732 2202 Unde
754 2135 882 2201 Paulus
910 2155 984 2200 cum
1006 2134 1054 2199 di·

52 2243 166 2302 ceret:
211 2236 386 2323 Caritas
418 2241 597 2326 patiens
634 2245 716 2318 est,
756 2234 844 2301 illico
884 2232 1059 2320 adjunxitt

50 2335 246 2422 Benigno
276 2349 340 2404 est
366 2340 408 2425 ¹),
443 2335 601 2403 videlicet
629 2335 829 2417 ostendeus,
868 2335 949 2421 quia
971 2355 1054 2420 qnos

52 2458 98 2501 ex
126 2437 292 2524 patientia
320 2437 462 2519 tolerat,
494 2457 607 2502 amare
641 2436 743 2502 etiam
773 2457 815 2499 ex
843 2433 1054 2519 benignitate

50 2559 123 2602 non
145 2547 263 2602 cessat
304 2537 402 2602 Unde
424 2535 511 2601 idem
532 2537 646 2602 doctor
661 2536 820 2622 egregins
838 2555 912 2600 cum
927 2535 1055 2620 patien-

51 2639 136 2700 tiam
148 2634 323 2723 discipulis
333 2637 499 2720 suaderet,
511 2635 642 2704 dicens:
666 2633 805 2702 Omnis
823 2631 1061 2698 amaritudo

51 2746 95 2801 et
122 2737 188 2803 ira
214 2747 256 2803 et
287 2735 525 2820 indignatio
555 2745 593 2800 et
615 2734 767 2800 clamor
794 2739 835 2797 et
860 2730 1053 2817 blasphe-

50 2833 342 2902 mia'tollatnr
369 2855 390 2898 a
411 2834 531 2903 vobis
553 2833 598 2922 ²),
633 2835 730 2921 quasi
756 2833 883 2899 cunctis
906 2833 1056 2898 exterius

44 2937 121 3024 jam
144 2933 230 3000 bene
252 2936 442 3022 compositis
464 2933 507 3000 ad
534 2935 698 3000 interiora
722 2931 942 3016 convertitur,
976 2930 1054 2997 dum

50 3031 245 3122 subjungit:
280 3033 377 3100 Oum
399 3035 509 3100 omni
529 3031 705 3098 malitia
728 3032 774 3115 ³),
799 3033 879 3120 quia
897 3032 1072 3099 nimirum.

49 3133 181 3200 frustm
207 3133 409 3221 indignatio,
445 3133 570 3200 clamor
597 3142 631 3198 et
658 3131 868 3221 blasphemia
895 3132 940 3198 ab
964 3141 1055 3197 exte·

49 3232 199 3300 rioribus
231 3231 370 3318 tollitur,
407 3233 435 3299 si
462 3233 498 3299 in
524 3231 729 3300 interiorbus
758 3232 915 3300 vitiorum
946 3238 1063 3297 mater·

48 3331 180 3400 malitia
208 3333 418 3418 dominatnr3
457 3341 492 3399 et
520 3334 688 3400 incassum
713 3332 805 3400 foras
833 3331 987 3419 nequitia
1009 3351 1059 3396 ex

48 3434 157 3501 ramis
177 3432 356 3518 inciditur,
390 3434 420 3500 si
441 3443 632 3500 surrectura
655 3431 876 3519 multiplicius
903 3431 995 3498 intus
1015 3428 1054 3495 in

48 3533 170 3600 radice
199 3543 362 3601 servatur.
406 3532 506 3602 Unde
519 3559 520 3566 ¹
533 3545 568 3602 et
592 3554 655 3622 per
682 3533 894 3619 semetipsam
916 3529 1062 3596 Veritas

87 3747 107 3813 ¹)
126 3747 152 3802 1.
168 3745 229 3804 σοι.
244 3745 285 3818 rs,
302 3746 328 3802 t.
346 3761 381 3790 -1-
399 3743 424 3819 ²)
441 3748 539 3820 aptos
557 3738 890 3818 t21.-·tnh···e
909 3741 950 3800 ³¹·
