2468 4218
559 268 603 311 .“;
641 238 702 325 100
746 296 799 307 ...

172 419 311 516 (quitiam
324 416 570 510 demerguntur.
614 422 667 488 De
679 424 736 488 illo
752 445 896 510 namque
920 426 1077 509 scriptum
1100 433 1167 488 est:

171 523 340 596 Invidia
362 533 500 590 autem
521 523 682 591 diaboli
701 545 813 588 mors
835 518 1019 589 intr'avit
1038 523 1076 586 in
1099 545 1163 587 or·

171 629 258 706 bem
285 635 505 692 terrarum.
528 623 553 708 ¹)
597 623 687 706 Quia
716 623 801 687 enim
835 623 908 712 ipse
938 623 1066 689 coelum
1086 643 1160 709 per·

170 719 263 808 didit,
287 723 417 792 condito
444 723 507 790 hoc
536 723 659 789 homini
689 721 827 806 invidit,
859 731 896 802 et
917 720 1163 786 damnationem

172 845 266 892 suam
287 822 437 914 perditus
459 821 664 904 adhucaiios
677 821 847 908 perdendo
870 821 1063 886 cumulavit.
1090 817 1160 884 Ad·

170 923 326 1005 inonendi
347 933 424 988 sunt
445 923 563 1003 invidi,
586 933 625 986 ut
645 931 865 1008 cognoscant,
886 922 1035 1007 ‘quantis
1056 919 1160 1006 lapsi·

168 1023 233 1090 bus
255 1022 493 1090 succrescentis
519 1022 638 1086 ruinae
667 1018 878 1107 subjaceant3
912 1019 993 1107 quia
1022 1018 1098 1083 dum
1120 1018 1159 1082 li·

167 1122 278 1190 dorem
301 1145 321 1188 a
343 1121 440 1189 corde
466 1143 533 1186 non
561 1121 759 1206 projiciunt,
790 1119 834 1186 ad
860 1127 995 1202 apertas
1023 1141 1158 1204 operum

167 1215 337 1311 nequitias
355 1221 585 1287 devolvuntur.
614 1219 689 1284 Nisi
707 1221 793 1286 enim
806 1221 891 1287 Cain
906 1219 1082 1286 invidisset
1104 1239 1158 1284 ac·

168 1314 297 1412 duptam
319 1321 434 1386 fratris
455 1319 613 1404 hostiam,
642 1321 776 1384 minime
804 1316 1014 1404 pervenisset
1034 1317 1076 1382 ad
1099 1341 1157 1382 ex·

165 1419 382 1507 tinguendam
392 1421 502 1484 vitam.
534 1417 633 1484 Unde
647 1421 881 1506 scriptumest:
900 1419 952 1484 Et
968 1439 1009 1482 re
1020 1419 1159 1506 spexit

165 1517 371 1586 Dominus
400 1517 450 1584 ad
476 1517 581 1582 Abel
614 1529 653 1582 et
682 1518 733 1582 ad
761 1531 937 1583 munera
966 1519 1072 1604 ejus3
1107 1517 1157 1582 ad

166 1618 266 1685 Cain
287 1641 387 1685 vero
410 1627 453 1683 et
474 1615 525 1682 ad
545 1639 719 1682 munera
742 1617 836 1704 ejus
858 1639 935 1682 non
957 1619 1157 1704 respexit

163 1718 398 1804 Iratnsque
423 1727 489 1782 est
511 1717 616 1782 Cain
646 1715 934 1799 vehementer,
965 1726 1002 1780 et
1025 1719 1155 1782 conci·

165 1814 225 1882 dit
247 1817 390 1884 vultus
412 1838 447 1904 eJ
461 1839 484 1882 u
497 1840 521 1880 s.
539 1814 566 1902 ²)
609 1815 711 1880 Livor
732 1817 845 1901 itaque
868 1814 1024 1884 ‘sacrificii
1044 1816 1156 1880 fratri·

164 1917 243 1984 cidii
265 1915 478 1982 seminarium
497 1915 569 1980 fuit.
613 1914 700 1980 Nam
722 1936 819 2000 quem
841 1914 1007 1980 meliorem
1030 1937 1065 1980 se
1081 1937 1156 1980 esse

166 2014 279 2098 doluit,
301 2038 343 2080 ne
364 2004 542 2102 utcumque
564 2021 663 2094 esset,
687 2015 881 2100 amputarit.
897 2011 923 2102 3)
966 2014 1156 2082 Dicendum

164 2114 362 2198 estinvidis,
392 2115 472 2202 quia
495 2113 573 2178 dum
594 2135 629 2178 se
651 2116 716 2178 ista
737 2100 938 2179 intrinsecus
961 2123 1054 2200 peste
1077 2139 1154 2182 con·

164 2226 318 2297 sumunt,
351 2215 450 2278 ctiam
480 2211 641 2300 quidquid
668 2215 703 2276 in
736 2235 771 2278 se
804 2213 893 2278 aliud
921 2214 1001 2280 boni
1029 2213 1155 2281 habere

36 2325 39 2331 ’
101 2385 103 2389 ,
161 2314 334 2394 videntur,
368 2313 572 2378 interimunt.
623 2312 721 2376 Unde
752 2314 909 2397 scriptum
942 2325 1008 2380 estt
1045 2316 1157 2380 Vita

162 2414 355 2479 carnium
383 2412 552 2476 sanitas
581 2408 749 2489 cordis,
781 2413 966 2496 putredo
998 2415 1156 2478 ossium

162 2510 363 2578 invidia.
378 2511 407 2597 ¹⁸)
441 2479 542 2592 Quid
570 2511 657 2573 enim
687 2533 747 2594 per
777 2533 897 2576 carnes
927 2515 992 2576 nisi
1023 2514 1155 2578 infirma

162 2609 324 2698 quaedam
354 2632 393 2676 ac
424 2621 560 2690 tenera,
592 2618 625 2672 ct
654 2610 733 2696 quid
760 2633 821 2697 per
849 2635 925 2677 ossa
953 2615 1020 2678 nisi
1051 2613 1156 2678 fortia

162 2721 239 2775 acta
262 2711 460 2794 signantur?
481 2709 526 2773 Et
545 2707 742 2795 plerumque
764 2713 936 2796 contingit,
958 2722 996 2776 ut
1018 2713 1154 2798 quidam

162 2799 235 2876 oum
258 2809 368 2875 cordis
389 2809 579 2874 innocentia
603 2809 637 2872 in
665 2810 836 2874 nonnuliis
858 2813 926 2876 suis
949 2813 1081 2878 actibus
1103 2814 1156 2878 in·

160 2909 244 2974 firmi
267 2909 455 2988 videantur,
479 2908 611 2992 quidam
625 2930 703 2974 vero
721 2911 792 2996 jam
811 2911 974 2997 quaedam
990 2922 1069 2977 ante
1090 2911 1152 2976 hu·

160 3030 274 3088 manos
303 3009 414 3074 oculos
443 3005 582 3073 robusta
600 3007 808 3092 exerceant,
840 3011 897 3076 sed
924 3021 1036 3076 tamen
1070 3033 1155 3097 erga

161 3103 300 3174 aliorum
329 3106 417 3172 bona
446 3107 535 3172 intus
563 3107 711 3173 invidiae
743 3109 934 3195 pestilentia
963 3110 1156 3176 tabescant.

158 3207 248 3272 Bene
272 3228 351 3290 ergo
374 3204 508 3272 dicitur:
536 3207 634 3272 Vita
658 3210 847 3273 carnium
871 3209 1038 3276 sanitas
1061 3233 1154 3276 cor·

160 3305 238 3387 dis3
268 3303 347 3391 quia
369 3305 398 3368 si
419 3307 538 3372 mentis
560 3307 752 3372 innocentia
774 3307 971 3392 custoditur,
998 3313 1098 3376 etiam
1124 3313 1154 3375 si

156 3401 330 3490 ‹jus-forn
351 3403 481 3469 infirma
504 3415 599 3489 sunt,
625 3406 825 3493 quandoque
848 3407 1061 3476 roborantur.
1107 3409 1155 3475 Et

164 3543 454 3556 ,σιω-σ--ι-η--ι

192 3618 213 3686 ¹)
231 3615 291 3706 Spp.
309 3619 334 3683 2,
352 3618 394 3674 at.
413 3650 446 3659 -
464 3620 485 3692 ²)
503 3620 597 3676 Genus.
615 3621 640 3690 4,
658 3622 682 3676 i.
701 3653 733 3662 -
753 3623 774 3694 ¹)
790 3625 855 3679 Alit.
875 3629 987 3700 tentavit,
1013 3633 1032 3690 i.
1056 3648 1079 3687 e.
1109 3634 1155 3688 et·

231 3701 305 3770 fecit,
315 3709 347 3756 ut
363 3704 443 3802 isuper
460 3707 656 3764 interimeretur.
683 3705 719 3750 ’ἐ
735 3708 759 3780 ⁴)
778 3709 914 3785 morxit,
929 3713 974 3786 ³0,
1073 3739 1088 3744 ··
