2468 4218
469 241 694 308 -119-

78 418 244 493 erumpat.
287 407 376 472 Hinc
397 409 601 476 seminantur
622 407 765 493 rumuli,
792 409 945 474 oriuntur
966 410 1075 494 rinae,

77 507 310 573 accenduntur
338 507 432 574 facea
459 507 631 590 odiorum,
665 530 734 594 pax
766 508 975 594 extinguitur
1006 531 1077 576 con·

77 607 182 672 dium.
212 603 313 672 Unde
327 606 414 672 bena
435 630 498 694 per
517 606 731 674 Salomonem
751 606 887 677 dicitur:
920 606 1002 688 Qui
1022 609 1075 674 dis

77 706 211 772 mittit
232 727 394 792 aquam,
418 716 544 792 caput
564 715 626 772 est
637 706 879 794 jurgiorum.
894 705 921 793 ¹)
942 707 1075 795 aquen

78 807 209 892 quippe
232 803 396 872 dimittere
418 815 470 872 est
490 803 638 889 linguam
665 806 701 873 in
721 805 850 872 fluxum
875 807 1001 896 eloquii
1022 830 1075 873 re·

75 903 208 970 laxare.
253 903 327 984 Quo
349 915 464 970 contra
485 905 522 968 in
544 903 635 971 bona
657 907 757 973 etiam
777 917 874 994 parte
893 909 1014 974 iterum
1027 907 1075 973 di·

75 1005 180 1068 citur:
209 1003 331 1090 Aqua
359 1003 571 1091 profunda
598 1005 728 1071 verba
758 1029 806 1072 cx
834 1027 907 1072 ore
931 1008 1022 1072 viri.
1047 1005 1074 1093 ²)

78 1103 149 1184 Qui
173 1123 252 1188 ergo
276 1102 411 1170 dimittit
426 1126 567 1190 aquam,
591 1115 693 1190 caput
708 1115 759 1172 est
769 1105 972 1193 jurgiorum
996 1106 1077 1194 quia

77 1205 139 1290 qui
149 1202 299 1288 linguam
311 1225 377 1268 nou
389 1202 549 1284 refrenat,
572 1201 784 1270 concordiam
797 1202 949 1291 dissipat.
976 1204 1079 1298 Unde

76 1326 95 1368 e
119 1301 255 1368 diverso
278 1301 439 1388 scriptum
462 1311 527 1367 est:
561 1303 643 1384 Qui
665 1304 843 1390 imponit
865 1302 1000 1370 stulto
1024 1304 1075 1368 si·

73 1403 271 1468 lentium.
295 1401 381 1467 iras
403 1403 582 1486 mitigat.
607 1399 634 1489 3)
678 1401 777 1482 Quod
800 1413 911 1467 autem
931 1401 1076 1469 multilo-

74 1503 193 1588 lo'quio
216 1501 360 1590 quisque
383 1505 530 1568 serviens
547 1500 577 1587 ⁸)
599 1501 831 1568 rectitudinem
848 1504 1003 1591 justitiae
1026 1513 1075 1568 te·

73 1623 157 1669 nere
181 1624 396 1690 nequaquam
418 1603 539 1690 possit,
563 1612 707 1670 testatur
728 1601 910 1690 propheta,
935 1603 992 1691 qui
1014 1603 1079 1668 ait:

74 1697 154 1766 Vir
186 1700 420 1786 linguosus
457 1725 542 1768 non
574 1700 792 1787 dirigetur
827 1725 960 1790 super
993 1714 1076 1768 ter·

74 1823 173 1868 ram.
198 1797 224 1884 ὁ)
273 1799 364 1866 Hinc
397 1821 531 1888 quoque
561 1800 719 1868 Salomon
747 1801 866 1866 iterum
901 1799 999 1868 dicit:
1029 1801 1076 1868 In

74 1897 362 1987 multiloquio
383 1921 465 1966 non
486 1899 630 1966 deerit
659 1910 894 1988 peccatum.
914 1901 942 1988 ⁰)
987 1901 1078 1967 Hine

75 1997 189 2064 Isaiae
211 1998 278 2064 ait}
307 1996 456 2065 Cultus
473 1999 684 2086 justitiae
707 1999 927 2064 silentium
949 1996 994 2086 ⁷),
1028 1999 1076 2066 vi·
1146 2080 1150 2083 ᾖ

76 2096 200 2162 delicet
209 2096 373 2180 indicans,
386 2098 466 2184 quia
476 2102 596 2164 mentis
599 2099 736 2186 justitia
748 2096 925 2176 desolatur,
941 2097 1077 2186 quande

75 2196 121 2262 ab
144 2195 358 2262 immoderata
384 2195 551 2264 locutione
577 2221 644 2264 non
664 2199 822 2285 parcitur.
866 2197 954 2262 Hinc
977 2197 1076 2263 Jaco-

74 2295 212 2362 busait:
235 2296 378 2384 Siquis
400 2305 524 2384 putat
546 2321 587 2362 se
603 2297 847 2381 religiosum
863 2319 974 2375 esse,
993 2319 1076 2364 non

75 2396 305 2462 refrenans
326 2394 511 2482 linguam
535 2419 660 2480 suam,
683 2395 756 2462 sed
778 2398 980 2464 seducens
1002 2417 1077 2464 cor

76 2517 208 2575 suum,
242 2494 370 2582 hujus
399 2517 506 2561 vana
536 2509 599 2564 est
630 2497 796 2582 religio.
821 2497 848 2584 ⁸)
892 2497 1075 2562 Hincrur·

75 2617 150 2661 sum
173 2596 235 2659 ait:
269 2593 334 2659 Sit
363 2597 494 2662 omnis
525 2594 643 2662 homo
675 2597 799 2663 velox
832 2594 883 2660 ad
905 2596 1076 2661 audieu-

75 2695 186 2776 dum,
218 2691 370 2760 tardus
392 2703 529 2760 autem
554 2695 603 2759 ad
632 2693 895 2782 loquendum.
919 2694 946 2782 ⁹)
987 2693 1079 2760 Hinc

75 2797 216 2876 iterum,
239 2794 375 2880 linguae
397 2796 463 2858 vim
486 2795 664 2875 definiens,
695 2795 865 2882 adjungit:
900 2795 1076 2884 Inquie-

75 2905 159 2959 tum
193 2891 365 2975 malum,
408 2891 539 2982 plena
571 2913 740 2958 veneno
772 2893 1009 2960 mortifero.
1034 2892 1076 2977 ¹⁰)

76 2993 167 3058 Hinc
194 3015 254 3079 per
284 2993 496 3080 semetipsam
545 3015 606 3058 nos
638 2993 785 3077 Veritas¹
809 2993 980 3076 admonet,
1026 2989 1075 3056 di-

75 3114 170 3158 cens:
216 3089 343 3158 Omne
374 3090 545 3156 verbum
576 3093 766 3174 otiosum,
802 3093 909 3180 quod
943 3091 1076 3158 locuti

75 3191 237 3258 luerint
258 3190 462 3274 homiues,
485 3191 661 3256 reddent
683 3191 728 3255 de
752 3213 793 3258 eo
809 3193 1017 3258 rationem
1033 3189 1076 3255 in

111 3363 132 3421 ¹)
150 3361 228 3412 Prov.
249 3357 290 3424 17,
309 3361 351 3415 14.
370 3391 403 3400 -
431 3360 452 3425 ¹)
470 3361 546 3414 Prosi
565 3359 610 3425 18,
628 3361 653 3415 4.
673 3389 702 3400 -
733 3359 1025 3426 ⁸)Prov.2d,10.·-
1053 3357 1076 3423 ⁴)

144 3447 211 3500 Alit.
230 3445 366 3512 serviens,
385 3447 504 3514 linguam
523 3445 627 3500 frenare
644 3448 802 3516 nequiverit3
833 3447 933 3500 accidet
950 3455 978 3498 ut
994 3445 1075 3499 recti-

144 3532 259 3586 tudinem
277 3538 325 3586 etc.
343 3559 376 3572 -
415 3531 687 3598 99913919-
724 3530 1017 3600 qerov.1o,19.-
1056 3529 1075 3595 ⁷)

144 3619 209 3672 lsai.
227 3617 269 3684 32,
287 3618 329 3674 17.
348 3645 379 3658 ·-
415 3616 697 3686 ¹)Jsmo1,ao.-
725 3615 745 3683 ⁸)
762 3617 851 3674 Jacob.
871 3619 902 3686 1,
921 3616 963 3674 19.
982 3644 1015 3658 -·
1043 3618 1076 3685 ”t

145 3703 235 3761 Jacob.
254 3702 279 3772 3,
296 3702 323 3760 8.
