2462 4220
433 257 662 325 -235-

39 419 88 486 los
114 421 290 501 venerint,
313 441 373 484 nos
395 421 509 485 miseri
533 423 613 507 quid
636 423 759 488 dicturi
782 445 907 507 sumus,
933 427 990 508 qui
1007 425 1052 489 ad

39 503 222 567 Dominum
262 512 411 569 nostrum
447 514 522 589 post
553 507 723 588 negotium
759 508 860 570 vacui
894 509 1050 590 redimus,

38 588 101 671 qui
133 585 312 650 Pastorum
341 609 461 649 nomen
491 585 686 667 habuimus,
721 599 754 652 et
781 611 861 653 oves
892 613 976 675 quas
1007 611 1050 652 ex

38 670 244 732 nutrimento
266 678 380 731 nostro
417 668 596 732 debeamus
619 669 819 750 ostendere,
853 693 919 736 non
949 671 1048 734 lrabe-

38 752 141 814 mus?
180 749 246 814 Hie
275 749 434 815 Pastores
464 752 575 816 vocati
602 773 735 832 sumus,
772 763 805 816 et
834 755 882 817 ibi
912 775 1048 838 gregem

37 854 107 898 non
133 833 294 896 ducimus.

105 914 154 977 18.
192 914 258 979 Sed
280 914 443 999 numquid
467 915 494 977 si
513 937 575 978 nos
595 914 816 998 negligimus,
840 919 1049 1001 omnipotens

37 995 137 1060 Deus
159 997 282 1061 deserit
304 1019 383 1060 oves
408 997 513 1061 suas?
543 996 643 1062 Nullo
658 997 766 1062 modo:
792 1021 868 1062 nam
892 999 964 1083 ipse
979 1021 1048 1082 eas,

36 1081 130 1144 sicut
146 1101 206 1164 per
223 1077 424 1164 Prophetam
443 1078 468 1163 ¹)
493 1077 662 1162 pollicitus
679 1091 738 1159 est,
762 1102 821 1164 per
836 1083 1048 1166 semetipsum

36 1162 166 1247 pascit:
188 1184 370 1246 omnesque
393 1185 476 1247 quos
499 1162 754 1240 praeordinavit
775 1162 818 1225 ad
843 1164 965 1240 vitam,
987 1163 1047 1226 fla-

37 1243 203 1328 gellorum
227 1243 390 1324 stimulis,
414 1245 678 1327 compunctionis
701 1246 821 1328 spiritu
844 1245 966 1308 erudit.
1002 1245 1048 1308 Et

36 1349 102 1412 per
134 1349 195 1391 nos
227 1325 362 1413 q‘uidem
390 1325 507 1389 fideles
536 1327 579 1390 ad
609 1338 760 1390 sanctum
793 1326 962 1412 baptisma
989 1347 1044 1390 ve-

35 1410 156 1488 niunt,
190 1411 313 1474 nostris
336 1409 492 1492 precibus
514 1407 776 1488 benedicuntur,
809 1422 841 1472 et
863 1431 924 1495 per
943 1412 1046 1493 impo-

37 1493 192 1556 sitionem
222 1501 595 1555 nostrarum-manuum
625 1514 645 1553 a
673 1489 746 1555 Deo
777 1492 936 1575 Spiritum
970 1513 1045 1555 sen·

37 1586 130 1637 ctum
153 1575 348 1658 percipiunt
363 1571 406 1658 ²):
437 1583 539 1658 atque
562 1574 627 1659 ipsi
649 1573 690 1636 ad
714 1595 854 1656 regnum
877 1573 1056 1638 caelorum·

36 1657 253 1742 pertingunt,
289 1665 323 1718 et
351 1678 427 1720 ecce
456 1677 517 1718 nos
571 1677 605 1718 er
634 1655 875 1738 negligentiam
899 1667 1046 1719 nostram

39 1741 195 1802 deorsum
217 1737 394 1802 tendimus.
431 1679 675 1820 ingrediuntur
696 1738 810 1820 electi,
835 1738 1046 1802 sacerdotum

38 1819 198 1884 manibus
228 1821 371 1906 expiati,
403 1819 580 1884 caelestem
611 1822 771 1904 patriam:
799 1831 831 1884 et
858 1821 1047 1884 sacerdotes

36 1904 107 1988 ipsi
130 1925 190 1986 per
211 1903 315 1965 vitam
344 1901 522 1986 reprobam
544 1901 587 1964 ad
616 1903 738 1966 inferni
765 1901 930 1986 supplicia
950 1902 1045 1966 festi·

38 1995 134 2049 nant.
180 1983 245 2049 Oui
267 2005 347 2068 ergo
370 1984 438 2062 rei,
463 1985 516 2048 cui
539 1984 665 2047 similes
688 1982 831 2046 dixerim
855 1983 1046 2050 sacerdotes

36 2065 163 2147 malos,
186 2068 252 2130 nisi
274 2087 384 2150 aquae
408 2064 638 2152 baptismatis,
663 2087 751 2151 quae
773 2077 911 2151 peccata
937 2065 1045 2150 bapti-

36 2160 189 2213 zatorum
211 2148 342 2214 diluens
364 2145 443 2211 illos
466 2147 510 2211 ad
531 2171 671 2232 regnum
699 2147 845 2212 caeleste
867 2148 984 2228 mittit,
1013 2158 1046 2212 et

37 2234 116 2317 ipsa
135 2240 251 2316 postea
279 2233 315 2295 in
345 2231 474 2296 cloacas
496 2227 695 2294 descendit?
730 2230 921 2294 Timeamus
948 2228 1045 2310 haec,

36 2316 165 2378 fratres
174 2361 183 2393 ,
208 2313 387 2380 conveniat
409 2313 534 2377 actioni
548 2323 684 2378 nostrae
700 2314 809 2399 ipsum
825 2311 1048 2376 ministerium

36 2405 201 2461 nostrum.
238 2396 291 2460 De
307 2406 521 2479 peccatorum
537 2405 722 2459 nostrorum
736 2394 948 2460 relaxatione
964 2415 1045 2480 quo·

37 2478 122 2543 tidie
144 2479 342 2561 cogitemus,
374 2499 416 2542 ne
447 2487 562 2542 nostra
584 2479 655 2542 vita
706 2488 819 2542 cecato
838 2476 865 2557 3)
898 2477 1049 2560 obligata

37 2572 232 2640 remaneat,
255 2582 317 2645 per
339 2559 438 2646 quam
461 2561 670 2646 omnipotens
681 2501 779 2624 lJeus
794 2559 944 2644 quotidie
963 2559 1047 2622 alios

40 2642 151 2708 solvit.
204 2641 462 2709 Consideremus
495 2643 567 2706 sine
594 2645 779 2708 cessatione
809 2641 891 2726 quid
921 2663 1046 2721 sumus,

39 2725 222 2813 pensemus
241 2725 412 2808 negotium
425 2734 594 2804 nostrum,
606 2747 795 2873 pensemus
809 2723 941 2810 pondus
959 2723 1048 2810 quod

41 2808 263 2893 suscepimus.
306 2805 484 2870 Faciamus
535 2809 603 2872 uoti
629 2810 659 2872 ie
690 2805 862 2872 nobiscum
887 2807 1048 2889 rationes,

41 2912 129 2976 quas
152 2911 225 2954 eum
247 2898 361 2954 nostro
378 2829 692 2973 judicelcbemus.
738 2889 783 2954 Et
814 2889 861 2952 sic
885 2886 1046 2952 debemus

38 2993 144 3056 agere
166 2992 281 3036 curam
304 2971 425 3052 nostri,
449 2980 487 3034 ut
509 2995 576 3038 non
598 2996 640 3040 ne
668 2973 811 3058 ligamus
833 2993 945 3035 curam
971 2991 1046 3055 pro·

42 3055 141 3119 ximi:
171 3064 208 3118 ut
231 3055 384 3139 quisquis
408 3054 451 3118 ad
473 3074 533 3118 nos
550 2994 725 3141 jungitur,
756 3073 798 3117 ex
827 3050 964 3136 linguae
988 3074 1046 3120 nu·

38 3149 133 3202 strae
162 3135 233 3200 sale
260 3133 447 3200 condiatur.
493 3135 577 3201 Cum
605 3147 781 3202 vacantem
797 3132 825 3221 l)
857 3135 1047 3236 quempiam

41 3230 74 3282 et
102 3217 266 3283 lubricum
297 3217 470 3298 videmus,
497 3217 727 3284 admonendus
756 3227 867 3284 estut
889 3217 1046 3304 conjugio

39 3299 178 3365 frenare
201 3297 336 3364 studeat
359 3299 571 3386 iniquitatem
595 3323 705 3380 suam3
729 3309 968 3388 quatenusper
985 3297 1048 3362 hoc

39 3381 133 3470 quod
161 3381 255 3464 licet,
291 3381 400 3450 discat
427 3403 588 3466 superare
621 3382 708 3468 quod
740 3407 806 3448 non
833 3381 919 3446 licet.
963 3379 1047 3446 Cum

39 3467 261 3552 conjugatum
282 3465 450 3546 videmus,
474 3462 704 3530 admonendus
728 3475 795 3546 est,
818 3473 856 3529 ut
879 3463 927 3529 sic
949 3483 1047 3528 exer·

78 3647 101 3717 Ι)
119 3628 214 3704 Euentu
233 3649 275 3704 842
293 3679 327 3688 —
346 3649 372 3718 ²)
389 3650 455 3708 Alit.
473 3650 616 3718 accipiunt.
636 3675 666 3688 -·
695 3646 715 3710 't
735 3647 799 3702 Alit.
818 3648 943 3718 peccatis.
963 3677 995 3688 -
1022 3646 1047 3715 ⁴)

111 3719 177 3770 Alit.
196 3719 385 3773 lascivientem.
757 3747 759 3754 .
