2462 4220
398 261 622 326 -171-

14 439 95 498 sunt
115 427 281 516 conjugiis
303 427 458 514 obligati,
485 435 523 492 ut
544 448 618 492 cnm
647 424 793 490 vicissim
822 443 909 511 quae
932 425 1018 489 sunt)

12 529 154 594 alterins
176 529 334 614 cogitant,
359 531 541 593 siccorum
561 523 854 612 quisqueplacere
876 521 1017 588 studeat

15 629 174 718 conjugi,
195 638 234 694 ut
263 650 329 694 non
360 625 536 713 displiceat
558 623 750 692 Conditori:
782 624 831 690 sic
852 646 894 689 ea
922 645 1010 714 quae
1098 655 1099 658 ¹

12 725 254 816 hujusmundi
277 738 354 794 sunt
375 735 496 812 agant,
527 732 565 790 nt
584 735 696 800 tamen
719 733 897 812 appetere,
922 745 1012 812 quae

13 829 82 894 Dei
105 837 200 924 sunt,
227 850 293 894 non
315 829 479 894 omittant:
510 827 558 891 sic
580 824 620 889 de
642 823 746 890 'bonis
776 823 1013 912 praesentibus

14 927 201 1015 gaudeant,
223 937 262 994 ut
283 937 395 994 tamen
416 925 559 992 sollicita
570 925 755 991 intentione
769 923 856 989 mala
874 934 1013 991 aeterna

13 1029 268 1116 pertimescant3
291 1027 340 1094 sic
362 1027 403 1092 de
424 1025 519 1090 malis
540 1023 779 1112 temporalibus
801 1023 951 1109 lugeant,
974 1033 1014 1090 ut

14 1139 130 1194 tamen
152 1125 378 1192 consolatione
389 1127 520 1210 integra
536 1147 628 1212 spem
642 1123 788 1189 inbonis
809 1123 1022 1210 perennibus¹

13 1227 138 1313 figant:
166 1235 333 1314 qnatenus
361 1223 438 1290 dnm
468 1225 504 1290 in
535 1225 680 1290 transitu
707 1235 910 1310 cognoscunt
939 1247 1013 1292 esse

17 1325 107 1414 quod
130 1337 251 1412 agunt,
274 1327 310 1390 in
330 1327 503 1392 mansione
527 1323 615 1410 quod
639 1334 820 1412 appetunt3
842 1345 904 1391 nec
926 1325 1015 1394 mala

16 1423 135 1492 mundi
157 1445 213 1490 cor
232 1427 407 1510 frangant,
440 1447 515 1490 cum
537 1445 613 1509 spes
637 1423 798 1490 bonorum
820 1424 1015 1494 coelestium

15 1525 169 1607 roborat3
195 1545 257 1590 neo
286 1523 373 1590 bona
402 1525 591 1610 praesentis
612 1524 703 1588 vitae
724 1524 910 1610 decipiant,
940 1549 1016 1592 cum

18 1633 175 1711 suspecta
198 1623 435 1710 subsequentis
451 1623 574 1711 judicii
587 1623 677 1688 mala
695 1625 901 1693 contristant,
943 1625 1014 1692 lta·

19 1747 85 1811 que
107 1724 238 1790 animus
263 1720 530 1790 Christianorum
553 1725 733 1810 conjugum
755 1734 788 1790 et
804 1725 956 1792 infirmus
981 1733 1017 1794 et

17 1823 138 1906 fidelis,
163 1825 221 1910 qui
237 1833 270 1888 et
292 1821 391 1912 plene
407 1833 527 1889 cuncta
542 1823 741 1910 temporalia
755 1823 926 1915 despicere
948 1847 1017 1892 non

18 1923 123 2006 valet,
146 1933 181 1988 et
201 1933 312 1988 tamen
335 1921 482 1988 aeternis
516 1944 550 1986 ae
573 1923 779 2008 conjungere
801 1946 861 2010 per
884 1923 1015 1990 deside-

17 2025 104 2089 rium
127 2023 232 2106 valet3
263 2013 415 2110 quamvis
446 2023 480 2086 in
503 2021 721 2088 delectatione
744 2023 857 2088 carnis
879 2024 1017 2090 interim

12 2126 140 2211 jaceat,
163 2129 331 2209 ‘supernae
355 2125 427 2209 spei
447 2121 631 2186 refectione
653 2121 875 2189 convalescat.
919 2123 964 2189 Et
987 2123 1017 2190 ai

18 2220 133 2306 habet,
157 2245 242 2310 quae
257 2224 462 2288 mundisunt
485 2223 522 2286 in
533 2245 597 2287 usu
613 2221 755 2303 itineris,
780 2231 901 2311 speret,
927 2241 1016 2312 quae
1127 2301 1130 2310 ,

18 2320 85 2386 Dei
108 2333 187 2388 sunt
208 2323 241 2386 in
274 2323 386 2388 fructu
408 2321 654 2408 perventionis:
684 2341 746 2386 nec
772 2321 877 2387 totum
907 2347 942 2389 se
972 2323 1017 2392 ad

19 2421 97 2505 hoc,
134 2422 221 2508 quod
250 2424 322 2508 agit
356 2423 521 2504 conferat,
549 2443 592 2486 nc
615 2419 657 2485 ab
687 2443 741 2504 eo,
770 2421 857 2508 quod
879 2423 1017 2490 robuste

21 2545 158 2610 sperare
182 2523 306 2607 debuit,
329 2520 481 2588 funditus
504 2523 612 2588 cadat.
657 2521 754 2603 Quod
770 2521 856 2586 bene
878 2515 1015 2590 achre·

19 2624 106 2688 viter
129 2621 258 2688 Paulus
280 2623 453 2710 exprimit,
475 2622 604 2704 dicens:
633 2621 716 2702 Qui
736 2619 898 2688 habent
918 2645 1015 2688 uxo·

19 2743 107 2805 res,
137 2731 349 2808 tamquam
380 2745 462 2787 non
495 2719 706 2786 habentes
740 2721 846 2803 sint3
879 2719 1016 2810 etqui

18 2819 145 2904 flent,
168 2831 369 2908 tamquam
392 2843 470 2886 non
493 2819 666 2904 flentes3
688 2821 1033 2909 etquigaudent,'
1123 2815 1127 2826 ¹

18 2927 228 3007 tamquam
260 2943 341 2988 non
369 2917 664 3006 gaudentes.¹)
712 2919 857 2984 Uxorem
891 2923 1016 3008 quippe

21 3020 119 3104 quasi
140 3041 206 3084 non
228 3018 384 3084 habendo
399 3015 515 3100 habet,
542 3020 600 3104 qui
623 3020 671 3084 sic
691 3043 751 3108 per
772 3019 864 3084 illam
888 3017 1017 3085 carn'all

20 3115 242 3183 consolatione
270 3119 395 3200 utitur,
426 3127 462 3182 ut
491 3127 602 3182 tamen
630 3141 809 3205 numquam
839 3118 881 3184 ad
908 3138 1017 3204 prava

20 3238 122 3302 opera
144 3237 165 3281 a
185 3214 331 3300 melioris
360 3217 555 3282 intentionis
583 3217 781 3284 rectitudine
810 3217 885 3304 ejus
903 3237 1016 3285 umore

19 3313 183 3381 flectatur.
225 3315 375 3382 Uxorem
406 3317 505 3406 quasi
531 3337 597 3382 non
624 3313 778 3383 habendo
805 3315 927 3400 habet,
956 3315 1018 3404 qui

20 3415 216 3480 transitoria
244 3437 319 3482 esse
348 3425 474 3484 cuncta·
497 3415 726 3502 conspiciens,
754 3437 870 3482 curam
905 3417 1017 3484 onmis

21 3535 62 3578 ex
81 3515 285 3582 necessitate
306 3515 444 3598 tolcmt,
479 3513 538 3581 sed
566 3524 706 3582 somnne
733 3515 858 3600 gaudia
879 3517 1017 3604 spiritua

53 3723 77 3793 ¹5
92 3725 116 3782 1.
134 3723 195 3783 lter.
212 3725 238 3795 i,
255 3725 298 3782 29.
316 3723 359 3784 30.

742 3806 789 3874 8*
