2462 4220
596 245 822 314 ,ΞΜ-

196 411 264 476 Sed
286 409 389 496 hujus
412 410 478 474 cibi
493 409 740 476 condimentum
761 434 820 476 nos
839 433 912 474 esse
929 409 1119 475 debuimus.
1151 409 1192 474 si-

194 505 253 558 cut
276 496 364 558 enim
385 492 484 574 paulo
500 495 651 580 superius
666 493 811 578 praefati
826 515 950 574 sumus,
974 495 1088 558 missis
1104 515 1192 578 prae·

196 575 401 640 dicatoribus
424 575 560 640 dicitur:
594 577 677 642 Vos
702 578 811 640 estis
835 575 1069 639 salterrae.
1096 581 1120 660 ¹)
1163 575 1192 638 Si

195 661 300 742 igitur
322 657 418 722 cibus
441 657 507 721 Dei
529 666 580 722 est
601 657 765 742 populus,
790 658 1035 726 condimentum
1060 659 1131 722 cibi
1149 681 1192 722 sa·

193 742 347 806 cerdotes
370 761 442 804 esse
465 739 664 805 debuerunt.
704 740 769 805 Sed
792 742 873 827 quia
896 741 971 805 dum
991 763 1051 804 nos
1069 741 1114 804 ab
1129 681 1219 815 ora-'l

193 825 293 888 tionis
316 833 349 886 et
381 824 578 888 eruditionis
609 833 746 888 sanctae
768 847 832 898 usu
855 845 1042 901 cessamus,
1076 823 1129 887 sal
1151 826 1192 887 in·

191 906 361 970 fatuatum
384 910 456 986 est,
481 907 614 970 condire
637 929 703 969 non
727 905 817 970 valet
839 906 929 970 cibos
949 906 1016 969 Dei
1032 906 1076 990 ²):
1100 917 1193 988 atque

94 1036 96 1040 .
195 986 319 1053 idcirco
343 985 385 1052 ab
407 999 542 1054 auctore
564 1012 631 1053 non
654 992 811 1069 sumitur,
850 989 929 1074 quia
959 991 1122 1072 exigente
1152 991 1192 1053 ia·

192 1073 314 1134 tuitate
349 1081 482 1151 nostra,
517 1072 650 1135 minime
686 1071 848 1135 conditur.
904 1071 1092 1134 Pensemus
1124 1093 1192 1154 ergo

191 1155 255 1238 qui
277 1171 433 1238 umquam
456 1175 516 1237 per
537 1153 687 1238 linguam
708 1165 859 1218 nostram
882 1153 1052 1234 conversi;
1079 1155 1140 1240 qui
1161 1156 1192 1216 de

194 1255 354 1320 perverso
378 1258 436 1299 suo
448 1258 548 1320 opere
563 1245 678 1300 nostra
692 1236 924 1320 increpatione
940 1238 1101 1320 correpti,
1126 1257 1192 1322 poe·

193 1319 370 1381 nitentiam
394 1326 552 1400 egerunt3
584 1320 659 1404 quis
680 1316 848 1382 luxuriam
871 1341 913 1381 cx
941 1327 1059 1382 nostra
1090 1321 1191 1384 erudi·

189 1401 282 1464 tione
307 1403 473 1483 deseruit,
496 1401 571 1485 quis
594 1402 791 1482 avaritiam,
823 1403 898 1486 quis
928 1400 1124 1484 superbiam
1147 1403 1191 1464 de·

190 1481 360 1546 clinarit?
393 1483 576 1546 Penscmus
600 1482 687 1567 quod
710 1482 839 1546 lucrum
862 1483 935 1546 Deo
958 1483 1104 1548 fecimus
1128 1507 1189 1562 nos,

191 1567 252 1644 qui
274 1575 409 1645 accepto
433 1566 581 1643 talentu,
606 1566 648 1628 ab
663 1587 701 1627 eo
718 1565 758 1627 ad
773 1567 944 1648 negotium
965 1567 1059 1629 missi
1078 1562 1192 1630 sumus.

194 1647 436 1710 Etenimdicit:
469 1647 761 1730 Negotiamini
784 1648 874 1712 dum
898 1649 1031 1712 venio.
1052 1649 1081 1732 3)
1116 1650 1190 1714 Ecce

184 1731 259 1814 jam
283 1731 383 1792 venit.
429 1729 516 1792 Ecce
540 1729 579 1792 de
605 1740 715 1793 nostro
738 1731 871 1812 negotio
894 1729 1026 1794 lucrum
1047 1731 1190 1816 requirit.

197 1811 305 1888 Quale
336 1814 366 1874 ei
394 1813 580 1876 animarum
611 1810 739 1876 luorum
768 1811 809 1874 de
833 1824 946 1876 nostra
969 1815 1187 1894 negotiatione

192 1895 476 1958 monstrabimus?
508 1895 600 1974 Quot
622 1896 695 1980 ejus
710 1896 905 1979 conspectui
921 1896 1111 1958 animarum
1129 1917 1187 1958 rna·

191 1975 323 2060 nipulos
364 1975 405 2040 de
440 1977 700 2063 praedicationis
738 1985 874 2044 nostrae
914 1987 1028 2061 segete
1067 1977 1187 2042 illaturi

190 2060 332 2124 sumus?
784 2073 786 2078 ’

254 2143 303 2204 17.
340 2141 508 2208 Ponamus
531 2154 615 2209 ante
645 2140 762 2206 oculos
792 2151 923 2206 nostros
954 2139 1050 2204 illum
1080 2152 1186 2207 tantae

189 2223 409 2289 districtionis
437 2224 541 2306 diem,
580 2245 645 2310 quo
670 2225 779 2310 judex
808 2225 935 2303 veniet,
968 2234 1001 2287 et
1031 2226 1186 2290 rationem

191 2328 267 2370 cum
290 2309 395 2371 servis
418 2310 509 2386 suis,
543 2305 667 2393 quibus
689 2305 820 2370 talenta
843 2305 1004 2386 credidit,
1036 2316 1147 2390 ponet.
1164 2302 1185 2389 l)

192 2389 280 2454 Ecce
301 2390 336 2452 in
358 2391 533 2474 majestate
556 2387 717 2468 terribili,
751 2389 838 2452 inter
862 2389 1068 2472 Angelorum
1095 2400 1187 2475 atquo

190 2469 478 2554 Arclrangelorum
499 2470 617 2537 choros
640 2471 819 2535 videbitur.
862 2470 905 2535 In
926 2469 982 2535 illo
1000 2479 1099 2538 tauto
1120 2491 1186 2534 exa·

192 2556 300 2626 mine.
330 2553 510 2619 electorum
540 2555 685 2618 omnium
715 2563 749 2618 et
769 2553 986 2636 reproborum
1016 2551 1187 2619 multitudo

192 2635 394 2715 deducetur,
420 2647 452 2701 et
475 2637 639 2722 unusquis
667 2657 708 2700 ue
731 2635 812 2723 quid
835 2636 877 2700 sit
900 2643 1061 2718 operatus
1087 2645 1187 2702 osteu-

190 2717 297 2783 detur.
340 2718 392 2782 Ibi
414 2719 535 2784 Petrus
557 2741 630 2782 cum
643 2657 783 2783 iudaea
801 2739 980 2799 conversa,
1005 2739 1109 2803 quam
1122 2725 1188 2806 post

191 2822 227 2865 se
249 2803 370 2884 traxit,
393 2802 583 2888 apparebit.
626 2799 681 2865 Ibi
704 2800 832 2866 Paulus
856 2819 1066 2880 conversum,
1093 2813 1131 2866 ut
1148 2803 1187 2864 ita

190 2882 351 2962 dixerim,
390 2883 550 2948 mundum
583 2884 721 2948 ducens.
773 2881 827 2946 Ibi
859 2881 1013 2946 Andreas
1047 2893 1126 2984 post
1160 2904 1186 2946 se

189 2964 371 3052 Achajam,
405 2965 452 3030 ibi
473 2967 623 3033 Joannes
644 2965 778 3046 Asiam,
812 2963 959 3028 Thomas
983 2965 1137 3050 indiam,
1160 2967 1187 3028 iu

188 3059 404 3134 conspectum
435 3051 486 3113 sui
516 3051 606 3148 regis
635 3071 831 3114 conversam
854 3047 962 3112 ducet.
993 3047 1063 3112 ·Ibi
1082 3067 1186 3114 omnes

189 3130 360 3196 Dominici
382 3133 496 3215 gregis
519 3143 641 3197 arletes
664 3151 737 3194 cum
760 3133 945 3194 animarum
968 3129 1074 3196 lucris
1092 3151 1186 3214 appa·

189 3213 331 3294 rebant,
362 3215 422 3300 qui
447 3216 571 3280 sanctis
601 3215 673 3280 suis
696 3211 1001 3298 praedicationibus
1025 3213 1101 3278 Deo
1123 3219 1187 3299 post

192 3317 228 3360 se
258 3295 430 3360 subditum
459 3319 596 3382 gregem
624 3293 772 3362 trahunt.
822 3295 904 3360 Cum
935 3295 1039 3376 igitur
1062 3305 1114 3362 tot
1135 3298 1187 3361 Pa·

192 3387 299 3442 stores
321 3401 395 3444 cum
418 3381 580 3465 gregibus
604 3382 673 3445 suis
696 3387 774 3444 ante
796 3377 926 3444 aeterni
947 3377 1102 3443 Pastoris
1121 3400 1186 3444 ocu·

192 3528 481 3549 ——fil

227 3623 250 3686 ¹)
268 3625 361 3678 Matth.
381 3625 405 3690 5,
424 3625 467 3681 13.
486 3655 519 3664 -
547 3624 566 3686 ²)
586 3624 650 3677 Alit.
669 3625 767 3678 condiri
785 3639 837 3678 nou
856 3624 926 3678 valet
943 3621 1019 3676 citus
1037 3623 1096 3676 Dei.
1117 3647 1146 3662 ·-
1172 3618 1187 3678 'l

208 3690 744 3760 ·mmm-mmmm
879 3730 883 3738 .
