2462 4220
439 351 441 358 y
538 236 764 316 -188'-

136 415 218 484 dnm
239 437 275 482 oe
297 413 409 482 adhue
429 424 544 504 potero
565 417 743 503 promittit,
766 413 829 486 hoo
850 417 938 506 quod
963 427 1079 506 potore
1102 440 1139 486 oo

138 514 368 604 promittebat3
389 513 550 582 obtinuit:
571 525 738 603 quatenus
760 518 841 606 quia
862 539 970 604 noque
991 517 1035 585 ad
1050 539 1140 604 opus

138 635 203 680 noo
227 623 367 681 venerat
389 612 506 702 eulpa,
529 637 635 699 usque
656 615 700 680 ad
721 617 904 685 oruoiatum
925 639 994 684 non
1015 637 1139 706 pervo-

138 713 230 780 niret
249 713 468 800 poenitentia
501 715 560 780 sed
580 717 724 800 cogitata
746 715 882 784 afflietio
903 725 1044 784 montom
1067 725 1139 782 tor·

136 821 248 898 geret,
273 835 373 900 quam
392 815 547 882 nimirum
568 815 794 884 tantummodo
809 817 959 902 oogitatu
975 817 1141 902 iniquitas

137 911 359 1000 inquinasset
1059 929 1063 936 ·

463 1077 660 1146 CAPUT
696 1081 808 1146 XXX.

134 1211 323 1280 Quomodo
349 1215 588 1284 admonendi,
615 1216 675 1283 qui
701 1232 718 1268 a
743 1216 927 1284 poooatis.
955 1228 1043 1283 quaa
1077 1217 1139 1268 de-

172 1295 281 1366 fleat,
306 1315 370 1355 nou
396 1299 601 1365 abstinent,
629 1308 662 1354 at
683 1302 739 1372 qni
766 1317 842 1354 oum
871 1301 1103 1368 abstineant,

508 1401 576 1439 non
602 1385 761 1440 defient.

197 1518 305 1586 Aliter
333 1517 533 1588 admonendi
561 1533 653 1606 aunt,
691 1523 749 1609 qui
776 1521 923 1588 admissa
954 1521 1138 1610 plangunt,

136 1641 201 1686 neo
221 1630 333 1687 tamen
355 1619 528 1701 deserunt3
550 1632 652 1708 atque
675 1621 772 1687 aliter
794 1623 854 1710 qui
870 1621 1046 1702 deserunt,
1068 1641 1140 1688 neo

136 1728 249 1785 tamen
279 1719 456 1806 plangunt
504 1720 713 1786 Admonendi
745 1732 824 1788 aunt
850 1721 952 1802 enim,
985 1723 1041 1809 qui
1075 1721 1139 1786 ad·
1222 1777 1223 1796 ,

138 1819 242 1886 missa
263 1819 441 1906 plangunt,
464 1839 525 1884 neo
548 1829 658 1884 tamen
675 1818 846 1905 deserunt,
867 1830 905 1888 ut
919 1817 1139 1894 considerare

136 1917 277 1985 sollicito
307 1920 433 2001 sciant,
472 1920 553 2005 quia
584 1919 694 1986 flando
720 1920 867 1986 inaniter
900 1943 935 1986 ae
962 1919 1143 2003 mundant,

137 2018 197 2105 qui
219 2017 363 2084 vivendo
386 2039 421 2084 se
443 2021 597 2106 nequiter
619 2022 818 2106 inquinant,
854 2041 927 2086 oum
955 2020 1077 2086 idcireo
1104 2043 1142 2086 se

134 2116 292 2206 iacrymis
314 2116 442 2200 lavant,
465 2128 502 2182 ut
523 2117 638 2183 mundi
663 2120 706 2184 ad
727 2120 844 2186 sordes
865 2121 1014 2186 redeant
1045 2119 1143 2186 Hino

135 2219 223 2282 enim
253 2218 414 2303 scriptum
445 2224 514 2282 est:
553 2215 684 2283 Oanis
716 2242 918 2286 reversus
946 2217 1143 2285 adsuunt

135 2318 354 2398 vomitum,
386 2325 431 2382 ot
453 2339 526 2382 aua
556 2316 645 2383 lota
667 2318 709 2383 in
731 2319 964 2386 volutabro
994 2318 1087 2383 luti.
1114 2318 1141 2405 ¹)

137 2415 243 2484 Oanis
267 2416 392 2502 quippe
409 2438 482 2482 oum
497 2417 610 2499 vomit,
633 2417 782 2503 proferto
799 2416 922 2501 cibum,
947 2420 1004 2505 qui
1020 2428 1144 2505 peetus

133 2513 356 2603 deprimebat,
378 2516 531 2602 projioit3
562 2517 621 2582 aed
642 2539 717 2582 oum
743 2516 788 2582 ad
815 2517 974 2583 vomitum
995 2520 1143 2584 reverti·

133 2623 212 2697 tur,
246 2614 335 2680 unde
363 2613 532 2700 levigatus
558 2615 689 2697 fuerat,
719 2637 839 2683 rursus
867 2627 1037 2683 oneratur.
1094 2618 1143 2683 Et

135 2713 195 2799 qui
216 2713 363 2778 admissa
385 2712 573 2800 plangunt,
595 2716 745 2802 profeoto
767 2717 970 2802 nequitiam,
1001 2713 1042 2780 de
1064 2737 1141 2802 qua
1223 2717 1224 2724 '

133 2810 231 2878 malo
244 2813 358 2904 satiati
378 2812 534 2892 fuerant,
569 2825 602 2880 et
625 2836 712 2900 quae
733 2815 854 2880 mentis
882 2816 1001 2880 intima
1023 2812 1140 2900 depri-

132 2908 265 2991 mebat,
295 2911 482 2979 confitendo
504 2915 699 3002 projiciunt,
736 2935 836 3002 quam
857 2924 934 3000 post
955 2911 1140 2980 confessio·

131 3029 227 3092 nem,
251 3009 326 3076 dum
349 3022 524 3101 repetunt,
547 3022 730 3080 resumunt.
775 3011 839 3078 Sue
861 3034 942 3079 vero
973 3013 1021 3078 in'
1039 3009 1140 3080 v'oln·
1223 3033 1224 3064 ¹

36 3147 50 3178 a
132 3107 230 3176 tabro
252 3108 316 3176 luti
338 3133 411 3178 oum
432 3111 583 3196 lavatur,
618 3111 783 3180 sordidior
804 3110 964 3178 redditur.
1007 3110 1053 3176 Et
1074 3115 1141 3197 qui

131 3206 280 3276 admissa
302 3210 457 3298 plangit,
488 3231 551 3276 neo
578 3219 691 3278 tamon
720 3210 859 3294 deserit,
895 3231 1025 3300 poenae
1057 3229 1143 3293 gra·

132 3306 236 3372 vioria
257 3307 375 3396 eulpae
392 3308 418 3396 2)
449 3329 485 3373 ae
512 3307 665 3396 aubjioit3
701 3312 783 3398 quia
812 3321 845 3386 et
867 3311 997 3392 ipsam,
1035 3329 1143 3396 qnam
1223 3383 1224 3404 χ

131 3401 243 3472 flendo
264 3408 376 3494 potuit
398 3411 596 3495 impetrare,
620 3410 753 3476 veniam
775 3409 966 3493 contemnit,
986 3416 1022 3474 et
1036 3412 1142 3496 quani

167 3635 187 3698 ¹)
200 3634 282 3772 :riou
299 3633 347 3702 26,
367 3633 409 3691 tt.
435 3639 462 3688 ot
485 3637 511 3689 2.
529 3636 595 3689 Patr.
612 3636 648 3702 2,
666 3635 710 3703 22,
729 3663 763 3675 -
781 3635 804 3705 ·)
822 3635 887 3690 Alit.
909 3650 993 3706 poeno
1020 3637 1143 3705 graviori

246 3731 304 3786 poe.
