2462 4220
583 215 809 284 ..194-

201 383 359 452 tenebras
380 405 448 450 non
467 379 636 465 relinquit.
679 383 765 450 Nam
786 404 861 449 curn
883 383 1053 470 acceptam
1068 379 1118 446 ad
1140 381 1191 448 od·

197 483 363 568 jutorium
385 481 559 546 scientiam
579 481 773 567 negligunt,
794 481 881 546 hane
901 491 1017 550 contra
1039 503 1075 546 se
1097 482 1135 546 in
1150 492 1190 546 te·

201 582 391 647 stimonium
418 591 567 663 vertunt3
589 591 623 646 et
654 580 694 644 de
722 580 846 646 lumine
873 579 1116 664 intelligentiae
1139 603 1189 646 au·

201 689 282 764 gent
303 679 482 764 supplicia,
516 679 604 762 quod
625 679 775 766 profecto
803 691 1025 764 acceperant,
1058 690 1100 746 ut
1121 703 1189 766 pos·

202 788 277 844 sent
297 777 408 842 delere
429 771 579 866 peccata.
614 779 762 858 Quorum
784 778 939 844 nimirum
954 779 1110 860 nequitia
1125 800 1190 844 curn

200 876 320 944 malum
343 879 431 961 agit,
472 878 560 960 quod
593 876 771 964 dijudicat,
809 887 985 944 venturum
1007 879 1080 964 jam
1104 877 1190 965 judi·

200 976 286 1042 cium
307 977 362 1041 hic
384 976 553 1060 degustat:
575 986 613 1042 ut
634 1000 706 1043 cum
730 977 876 1042 aeternis
892 975 1063 1064 suppliciis
1081 999 1190 1042 serva·

199 1085 254 1142 tur
276 1074 440 1156 obnoxia,
463 1097 521 1140 suo
543 1075 598 1142 hic
618 1077 751 1142 interim
772 1077 926 1140 examine
943 1097 1010 1140 non
1033 1076 1077 1140 sit
1097 1075 1191 1142 abso·

198 1173 284 1240 luta:
322 1183 483 1256 tantoque
519 1173 589 1238 illic
625 1176 785 1260 graviora
819 1184 984 1240 tormenta
1016 1175 1190 1261 percipiat,

197 1283 324 1356 quanto
346 1272 400 1337 hic
423 1271 546 1336 malum
566 1271 787 1356 condereris,
810 1275 908 1338 ctiam
926 1272 1013 1355 quod
1027 1276 1106 1358 ipsa
1122 1295 1189 1340 oon·

199 1371 341 1438 damnat.
384 1371 473 1435 Hinc
501 1373 587 1436 enim
610 1373 746 1438 Veritas
775 1371 872 1438 dicit:
914 1371 1074 1438 Servus
1084 1421 1096 1453 ,
1128 1373 1190 1456 qui

200 1471 397 1556 cognovit
427 1469 696 1536 voluntatem
724 1465 1003 1554 Domini'sui,
1044 1481 1088 1536 et
1117 1494 1190 1538 non

199 1570 489 1656 praeparavit,
514 1580 553 1634 et
573 1593 655 1636 non
675 1572 780 1636 fecit
800 1568 1025 1636 seeundum
1049 1571 1189 1636 volun·

199 1677 325 1733 tatem
358 1669 467 1754 ejus,
492 1667 722 1756 vapulabit
744 1669 892 1735 multis.
920 1668 945 1753 ¹)
988 1669 1076 1740 Hinc
1107 1669 1188 1756 psal·

195 1767 297 1832 mista
321 1765 382 1830 ait:
420 1765 695 1833 Descenderit
723 1771 765 1834 in
794 1767 1006 1834 infernum
1037 1769 1188 1834 viven-

198 1873 270 1930 tes.
286 1861 313 1950 2)
353 1866 433 1932 Vivi
453 1867 587 1953 quippe,
611 1869 787 1950 quaecirca
801 1866 879 1934 illos
900 1877 1056 1952 aguntur,
1080 1870 1190 1934 sciunt

197 1973 230 2029 et
244 1965 408 2049 sentiunt,
431 1968 551 2030 mortui
565 1978 675 2034 autem
698 1968 820 2032 sentire
841 1965 889 2031 nil
908 1977 1057 2054 possunt.
1103 1969 1187 2034 Mor·

195 2064 244 2128 tui
259 2064 347 2128 enim
362 2065 396 2129 in
410 2063 574 2130 infernum
591 2064 842 2149 descenderent,
867 2067 897 2132 si
910 2065 999 2130 mala
1010 2065 1187 2133 nesciendo

193 2171 436 2250 perpetrarent.
481 2163 643 2231 Oumvero
673 2166 782 2232 sciunt
810 2164 914 2246 mala,
951 2175 984 2229 et
1004 2175 1120 2232 tamen
1140 2167 1185 2230 fa·

195 2261 302 2340 ciunt,
336 2260 379 2324 ad
400 2262 588 2345 iniquitatis
609 2262 775 2328 infernum
796 2264 946 2330 viventes
973 2265 1088 2330 miseri
1119 2288 1185 2331 sen·

193 2359 382 2442 tientesque
409 2360 621 2428 descendunt.

503 2511 693 2578 CAPUT
729 2511 880 2578 XXXII.

217 2629 395 2697 Quomodo
418 2631 649 2698 admonendi,
676 2632 738 2700 qni
765 2631 891 2685 subito
917 2637 1023 2700 motu,
1051 2639 1083 2686 et
1108 2636 1168 2702 qui

514 2716 683 2770 consulto
707 2721 862 2786 peccant.

255 2829 363 2895 Aliter
389 2831 588 2899 admonendi
610 2844 705 2917 sunt,
741 2835 798 2917 qui
826 2837 1002 2922 repentina
1031 2837 1184 2922 concupi·

192 2931 320 2996 scentia
343 2943 559 3015 superantur,
582 2943 681 3014 atque
698 2933 797 2998 aliter
810 2937 869 3017 qui
883 2937 918 2999 in
934 2934 1033 3022 culpa
1050 2957 1094 2998 ex
1109 2957 1184 3000 con·

191 3029 266 3096 silio
294 3027 448 3114 ligantur.
490 3029 701 3098 'Admonendi
730 3035 854 3122 quippe
884 3045 979 3113 sunt,
1014 3053 1099 3116 quos
1133 3056 1183 3098 rc-

175 3125 327 3218 ,pentina
356 3131 624 3214 concupiscentia
653 3143 807 3218 superat,
842 3142 879 3197 ut
907 3133 944 3198 in
975 3131 1064 3197 bello
1087 3155 1184 3218 prae-

190 3230 294 3295 sentis
322 3229 411 3294 vitae
438 3250 473 3292 se
503 3230 647 3311 quotidie
675 3232 799 3318 positos
829 3228 1019 3314 attendant,
1054 3241 1088 3296 et
1116 3253 1183 3314 cor,

174 3327 280 3416 'quod
301 3326 496 3414 praevidere
519 3327 658 3394 vulnera
679 3325 746 3396 non
773 3339 901 3418 potest,
932 3340 1025 3394 scuto
1048 3331 1184 3399 solliciti

188 3425 313 3492 timoris
333 3435 464 3511 tegant3
495 3435 533 3492 ut
558 3423 689 3493 *occulta
705 3426 908 3494 ‘insidiantis
935 3427 1040 3494 hostis
1064 3429 1182 3516 jacula

187 3523 459 3610 perhorrescant,
482 3534 515 3590 et
535 3527 569 3590 in
592 3535 658 3590 tam
677 3525 862 3612 caliginoso
877 3529 1059 3619 certamine
1074 3531 1181 3596 inten-

222 3684 245 3759 ι)
263 3683 326 3742 nuc.
346 3686 387 3754 12,
406 3649 499 3746 u&
525 3686 547 3757 ²)
565 3647 609 3742 is.
628 3643 669 3754 oi,
689 3685 730 3742 16.
