2486 4222
577 235 804 300 ..3,

165 402 210 472 si
230 421 379 471 caecus
402 424 527 469 caeco
552 403 753 469 ducatum
784 404 1016 492 praebeat,
1047 403 1174 470 ambo

164 503 209 571 in
228 505 394 572 foveam
413 499 572 570 cadunt
598 501 624 589 ¹)
667 502 946 570 HinePsalmista
967 525 1034 570 non
1047 513 1173 590 optan-

163 604 208 669 tis
227 605 354 688 animo,
378 603 437 670 sed
458 602 688 690 prophetantis
708 603 891 669 ministerio
906 603 1094 685 denuntiat,
1117 602 1173 668 di-

164 723 260 792 cens:
290 699 728 770 Obscurenturoculi
749 725 889 768 eorum
910 725 958 767 ne
975 702 1171 784 videant,

137 801 207 870 ⁴et
228 803 398 869 dorsum
420 801 594 868 illorum
618 823 781 888 semper
802 803 987 867 incurva.
1007 797 1032 881 ²)
1067 799 1173 866 Oculi

165 903 291 989 quippe
322 911 416 984 sunt,
451 903 511 989 qui
537 903 574 967 in
600 903 677 990 ipsa
696 901 830 968 honoris
861 901 978 966 summi
998 899 1084 966 facie
1107 921 1170 986 po·

164 1001 237 1086 siti,
259 999 461 1091 providendi
482 1001 613 1069 itineris
627 1001 772 1066 officium
790 1008 1021 1086 susceperunt:
1043 997 1172 1086 quibus

163 1099 201 1166 hi
223 1103 378 1168 nimirum
408 1102 466 1188 qui
494 1099 737 1186 subsequenter
759 1099 955 1182 inhaerent,
985 1097 1084 1166 dorsa
1107 1119 1169 1163 no-

163 1202 344 1267 minantur.
389 1199 587 1267 Obscuratis
615 1222 694 1286 ergo
716 1200 822 1267 oculis
847 1199 981 1266 dorsum
1002 1198 1170 1280 flectitur3

165 1301 246 1388 quia
278 1323 352 1366 cum
379 1298 490 1366 lumen
523 1300 683 1366 scientiae
711 1299 874 1386 perdunt,
907 1300 964 1384 qui
984 1309 1168 1386 praeeunt,

163 1398 313 1486 profecto
341 1397 385 1462 ad
414 1396 582 1484 portanda
603 1409 816 1484 peecatorum
845 1407 1028 1464 curvantur
1048 1419 1168 1479 onera,

165 1499 225 1584 qui
249 1508 447 1585 sequuntur.
537 1535 539 1538 ·

529 1663 721 1730 CAPUT
753 1665 799 1729 11.

190 1791 233 1841 Ne
259 1789 371 1848 locum
395 1789 592 1855 regiminis
620 1790 788 1856 subeant,
815 1790 873 1857 qui
897 1788 1046 1840 vivendo
1072 1802 1137 1840 noa

269 1871 482 1943 perficiunt,
507 1889 588 1942 quae
614 1875 823 1928 meditando
846 1872 1058 1944 didicerunt.
1114 1926 1124 1943 „

226 2009 271 2075 Et
293 2018 372 2074 sunt
393 2008 563 2092 nonnulli,
589 2011 647 2097 qui
662 2009 777 2075 solerti
791 2005 872 2074 cura
886 2008 1052 2095 spiritalia
1066 2028 1166 2095 prae·

161 2117 260 2198 cepta
281 2117 552 2197 perscrutantur,
576 2107 637 2174 sed
659 2131 746 2196 quae
768 2107 987 2194 intelligendo
1006 2107 1032 2196 3)
1056 2103 1163 2194 pene·

160 2217 270 2293 trant,
293 2208 438 2277 vivendo
461 2207 672 2290 conculcant,
697 2219 836 2294 repente
855 2209 974 2276 docent
991 2231 1078 2296 quae
1095 2231 1163 2275 non

162 2333 280 2398 opere,
315 2310 373 2375 sed
394 2307 608 2376 meditatione
630 2305 836 2394 didicerunt,
871 2321 903 2377 et
930 2310 1018 2400 quod
1047 2307 1162 2378 verbis

161 2410 382 2495 praedicant,
405 2407 553 2478 moribus
574 2412 781 2499 impugnant.
825 2411 925 2478 Unde
945 2411 999 2493 fit,
1023 2423 1061 2476 ut
1088 2434 1163 2479 cum

161 2507 283 2578 Pastor
305 2533 366 2598 per
388 2508 532 2598 abrupta
555 2511 727 2596 graditur,
752 2509 796 2576 ad
819 2513 1053 2600 praecipitium
1075 2534 1161 2598 grex

146 2621 334 2698 sequatur.
386 2601 474 2676 Hinc
502 2633 648 2696 namque
680 2635 741 2698 per
769 2611 971 2699 Prophetam
997 2611 1162 2678 Dominus

161 2719 278 2776 eontra
300 2708 560 2776 contemtibilem
588 2711 765 2776 Pastorum
796 2711 968 2777 scientiam
993 2713 1159 2800 queritur,

162 2809 290 2876 dicens:
322 2809 421 2876 Cum
448 2809 533 2898 ipsi
563 2809 903 2896 limpidissimam
933 2807 1160 2900 aquambi-

159 2899 346 2994 beretis,
376 2907 594 2996 reliquam
620 2909 797 2998 pedibus
825 2901 986 2976 vestris
1017 2909 1159 2977 turba-

161 3009 288 3092 batis3
318 3019 360 3076 et
381 3031 478 3076 oves
500 3031 640 3094 meae,
667 3031 774 3097 quae
801 3010 1064 3077 conculcata
1093 3031 1157 3097 pc-

159 3106 286 3174 dibns
327 3109 491 3174 vestris
530 3107 723 3194 fuerant,
761 3105 1073 3197 pascebantur,
1118 3121 1159 3176 et

160 3227 265 3295 quae
288 3208 415 3294 pedes
437 3209 576 3274 vestri
597 3207 896 3292 turbaverant,
926 3207 1027 3274 haec
1048 3207 1156 3274 bibe-

157 3305 270 3374 bant.
290 3305 320 3396 4)
362 3305 496 3394 Aquam
518 3307 641 3394 quippe
659 3305 925 3396 limpidissimam
939 3308 1096 3374 Pastorea
1106 3309 1155 3374 bi·

159 3403 262 3490 bunt,
295 3429 369 3473 cum
389 3405 517 3472 fluenta
538 3405 694 3472 veritatis
715 3417 806 3490 recte
828 3407 1054 3492 intelligentes
1076 3409 1153 3478 hau-

180 3614 224 3678 =¹l
247 3612 340 3667 natta.
363 3615 414 3682 15,
439 3615 532 3700 14‘,“
560 3612 581 3679 ²)
599 3615 642 3669 Pe.
660 3613 709 3682 68,
736 3617 778 3673 24.
799 3646 828 3656 -
858 3615 961 3682 'talia
988 3620 1101 3688 legendo.
1122 3651 1150 3663 —

245 3696 266 3766 ⁴)
285 3699 379 3756 Ezecb.
392 3699 445 3768 -34,
465 3699 509 3755 18.
526 3697 569 3756 te.
892 3707 894 3711 ’
1170 3714 1172 3722 '
