2486 4222
438 273 642 340 alp..

30 438 383 507 sinesiis-densos
407 448 579 526 superstes
607 437 716 506 frater
736 440 900 527 aoeipiat,
934 449 1039 528 atquo

27 537 79 606 ad
102 559 222 604 nornen
235 537 352 605 fratris
369 537 457 604 filies
470 539 602 624 gignat:
624 559 725 625 qnam
737 539 769 628 si
784 539 938 627 accipere
947 538 1039 610 farte

28 638 201 717 renuerit,
233 635 313 704 huic
334 637 370 703 in
397 637 515 702 faciem
543 635 664 704 mulier
688 646 834 724 expuat,
864 657 1034 724 unumque

29 738 65 804 ei
87 736 209 825 pedem
236 737 445 824 propinquus
467 734 658 816 discalciet,
699 735 840 822 ejusque
862 735 1034 802 habitacu—

29 836 103 901 lum
126 833 259 900 domum
282 832 474 900 discalceati
495 844 600 904 vocet.
624 829 649 920 ¹)
693 835 815 918 Frater
837 837 962 922 quippe
978 833 1034 900 de·

27 935 169 1000 functus
189 931 251 996 ille
270 942 336 1013 est,
361 933 420 1018 qui
441 943 518 1020 post
537 933 790 998 resurrectionis
811 932 953 1017 gloriam
975 954 1033 1021 sp·

29 1056 160 1120 parcns
189 1033 288 1096 dixit:
334 1031 416 1112 Ite,
455 1030 589 1097 dieite
621 1031 835 1098 fratribus
870 1033 980 1096 meir.
1005 1031 1032 1118 ²)

31 1130 103 1212 Qui
126 1131 223 1216 quasi
245 1131 316 1199 aine
338 1129 417 1197 filiis
428 1130 523 1213 obiit3
546 1131 627 1217 quia
643 1131 752 1198 adhue
764 1130 944 1196 electorum
956 1153 1031 1198 suo-

30 1253 108 1295 rum
129 1252 304 1296 numerum
324 1252 391 1296 non
414 1229 574 1317 implevit.
617 1231 729 1318 Hujus
752 1230 879 1296 scilieet
894 1251 1034 1296 uxorem

32 1339 205 1416 superstes
220 1329 326 1400 frater
342 1330 459 1396 sortiri
469 1330 686 1416 praecipitur,
709 1331 789 1418 quia
806 1329 944 1415 dignum
956 1351 1031 1416 pro·

31 1427 120 1497 fecto
141 1438 208 1508 est,
238 1437 276 1496 ut
298 1451 385 1497 outre
414 1437 550 1495 sanetae
573 1427 749 1494 Ecclesiae
779 1430 827 1510 ei,
865 1429 923 1515 qui
944 1426 1032 1494 hanc

31 1525 121 1592 bene
143 1549 261 1612 regere
284 1525 478 1614 praevalet,
510 1527 710 1613 imponatur.
754 1525 817 1594 Oui
846 1527 975 1597 nolenti
997 1527 1034 1592 in

30 1626 151 1692 faciem
173 1627 293 1694 mulier
318 1628 445 1714 expuit3
482 1627 562 1713 quia
588 1627 741 1712 quisquis
763 1647 805 1690 ex
825 1624 1031 1706 muneribus,

33 1747 120 1810 quae
148 1729 353 1812 perceperit,
387 1724 548 1812 prodesse
577 1725 654 1792 aliis
682 1748 751 1790 non
783 1734 900 1806 curat,
934 1723 1036 1790 bonis·

33 1845 167 1911 quoque
189 1826 264 1912 ejus
285 1835 402 1892 sancta
415 1825 569 1890 Ecclesia
591 1824 811 1912 exprobrans,
835 1824 865 1887 ei
888 1825 986 1910 quasi
998 1824 1032 1888 in

33 1922 151 1988 faciem
173 1923 316 1990 salivam
333 1926 451 2011 jactat.
487 1924 552 1990 Oui
569 1945 611 1988 ex
632 1938 701 1991 uno·
720 1923 804 2010 pede
823 1921 1031 1988 calceamen-

33 2029 99 2088 tum
123 2021 265 2105 tollitur,
286 2034 322 2090 nt
343 2022 535 2090 discalceati
551 2021 665 2090 domus
682 2033 827 2091 vocetur.
863 2022 1033 2108 Scriptum

35 2123 237 2208 quippeest:
271 2121 466 2189 Oaloeati
487 2120 611 2208 pedes
633 2123 673 2186 in
693 2122 1030 2210 praeparatione

35 2216 256 2306 Evangelii
290 2224 421 2307 pacis.
447 2220 472 2308 ³)
525 2220 561 2286 Si
596 2242 675 2306 ergo
705 2229 743 2284 ut
781 2229 948 2301 nostram,
983 2221 1031 2283 sio

35 2337 146 2384 ourarn
168 2321 313 2405 proximi
334 2323 498 2405 gerimus,
529 2331 708 2410 utrumque
729 2319 850 2406 pedem
874 2341 934 2404 per
963 2315 1029 2382 oal-

35 2417 238 2484 ceamentum
260 2422 434 2486 munimus.
479 2419 548 2500 Qui
569 2442 647 2486 vero
670 2441 764 2484 snam
785 2421 938 2504 cogitans
964 2417 1029 2481 uti·

35 2512 175 2599 litatem,
199 2521 426 2604 proximorum
448 2518 606 2604 negligit,
627 2519 725 2605 quasi
741 2520 842 2584 unius
855 2518 951 2604 pedis
962 2516 1029 2582 cal·

35 2626 240 2694 tetamentum
262 2641 336 2684 oum
358 2617 520 2686 dedecore
543 2620 673 2686 amittit
717 2617 803 2684 Sunt
818 2619 1028 2705 itaquenon·

37 2714 120 2784 nulli
133 2718 194 2802 qui
210 2719 352 2802 magras,
377 2726 414 2782 ut
428 2717 584 2800 diximus,
606 2717 801 2784 muneribus
821 2716 930 2800 ditati,
951 2714 1028 2782 dum

38 2811 136 2880 solius
167 2815 457 2902 contemplationis
488 2817 609 2882 studiis
637 2817 868 2898 inardescunt,
906 2839 1028 2904 parere

37 2913 166 2979 utilitati
187 2916 414 3002 proximorum
436 2917 471 2981 in
493 2915 740 3004 praedicatione
757 2916 946 3002 refugiunt,
976 2939 1026 2981 se·

37 3023 155 3078 cretum
179 3001 299 3101 quietis
321 3013 484 3102 diligunt,
516 3037 684 3080 secessum
707 3013 946 3101 speculationis
968 3039 1026 3104 ap-

38 3121 159 3194 petunt.
202 3113 256 3196 De
289 3135 354 3201 quo
384 3115 414 3178 si
439 3111 587 3182 districtc
609 3113 819 3200 judicentur,
855 3136 897 3178 ex
923 3116 1026 3180 tantis

38 3213 146 3291 procul
168 3211 269 3279 dubio
290 3215 341 3280 rei
363 3224 460 3295 sunt,
495 3212 630 3301 quantis
653 3213 826 3278 venientes
847 3213 891 3280 ad
913 3211 1025 3301 publi·

39 3327 103 3378 cum
125 3313 283 3400 prodesse
305 3321 496 3400 potuerunt.
541 3311 617 3392 Qua
641 3313 729 3379 enim
750 3322 861 3378 mente
890 3314 931 3396 is,
967 3315 1026 3412 qui

39 3413 190 3492 proximis
212 3412 406 3501 profuturus
431 3405 646 3496 enitesceret,
677 3411 818 3478 utilitati
840 3425 1025 3481 ceterorum

41 3522 194 3596 secretum
215 3513 393 3602 praeponit
415 3533 528 3596 sunm,
562 3510 696 3600 qnando
726 3513 798 3600 ipse
822 3517 939 3580 summi
960 3515 1024 3580 Pa·
1144 3540 1148 3548 ·

41 3664 319 3686 Ν--ισ--ιμ--ι--ο

73 3738 92 3801 ·)
115 3691 258 3809 nutas,
277 3741 302 3795 s.
321 3769 353 3782 .-
372 3739 396 3806 a
410 3739 502 3794 naua.
520 3739 563 3804 aa,
582 3741 624 3797 10.
643 3769 674 3782 -
695 3739 718 3811 ⁸)
736 3741 832 3810 unes.
849 3739 879 3808 s,
899 3741 942 3796 15.
