2468 4218
594 240 799 309 -80-

198 411 231 470 et
257 427 330 470 cum
363 414 488 472 rectam
520 407 719 473 sententiam
754 409 852 495 quasi
888 409 922 476 in
952 406 1099 473 alterum
1121 431 1187 494 pro·

197 505 353 586 tulerint,
402 515 483 572 tunc
523 505 629 572 modis
671 505 933 593 congruentibus
976 503 1016 570 de
1057 509 1187 594 proprio

197 614 296 670 reatu
327 604 471 669 feriendi
503 617 601 688 sunt,
637 617 673 673 nt
703 625 798 673 mens
829 605 1008 695 temporali
1040 608 1187 695 potentia

196 704 325 771 tumida
364 712 482 771 contra
520 707 754 794 corripientem
810 727 1025 796 nequaquam
1060 728 1098 770 se
1131 708 1186 771 eri-

197 814 274 892 gat,
305 825 391 891 quae
414 827 473 871 suo
497 804 561 872 sibi
578 803 707 894 judicio
730 805 909 896 superbiae
938 805 1109 872 cervicem
1131 805 1186 873 eal·

197 913 265 987 cat3
296 905 387 969 etin
407 903 498 970 nulla
526 906 579 972 sui
600 905 793 974 defensione
824 930 859 972 se
879 915 1056 990 exerceat,
1097 928 1187 993 quan

199 1006 367 1072 sententia
395 1007 522 1094 proprii
550 1009 617 1074 oris
646 999 758 1091 ligat(
782 1007 871 1074 Hinc
892 1015 943 1073 est
964 1007 1073 1090 enim,
1109 1005 1187 1094 quod

198 1102 335 1170 Nathan
357 1104 521 1194 propheta
550 1129 693 1192 arguere
714 1128 828 1191 regem
849 1115 1011 1189 venerat,
1041 1117 1079 1172 et
1102 1107 1186 1194 quasi

199 1203 240 1269 de
262 1227 364 1271 causa
385 1208 544 1294 pauperis
565 1216 681 1274 contra
703 1205 841 1274 divitem
867 1205 1030 1294 judicium
1052 1229 1185 1292 quaere·

197 1303 269 1388 bat,
291 1315 330 1369 ut
351 1307 446 1391 prius
456 1327 518 1370 rex
533 1309 732 1374 sententiam
749 1307 883 1388 diceret,
903 1318 935 1374 et
949 1315 1083 1372 reatum
1103 1329 1186 1373 suun

197 1402 404 1488 postmodum
432 1406 581 1487 audiret,
612 1416 778 1494 quatenus
808 1427 1022 1494 nequaquam
1040 1407 1185 1493 justitiae

199 1501 458 1586 contradiceret,
488 1526 587 1590 quam
617 1507 687 1594 ipse
716 1507 752 1574 in
774 1530 809 1572 se
832 1505 1037 1592 protulisset.
1063 1504 1093 1592 ¹)
1137 1507 1186 1572 Vir

198 1601 313 1688 itaque
337 1611 472 1671 sanctus
495 1615 528 1669 et
549 1617 756 1693 peccatorem
778 1603 995 1672 considerans
1025 1616 1058 1670 et
1083 1627 1185 1690 regen

197 1701 280 1766 miro
303 1703 419 1768 ordine
444 1703 603 1769 audacem
633 1727 725 1772 reum
746 1707 840 1793 prius
862 1727 922 1793 per
951 1704 1187 1772 confessionem

197 1800 301 1890 ligare
326 1803 468 1886 studuit,
500 1815 533 1869 et
560 1805 770 1893 postmodum
799 1826 859 1891 per
888 1803 1117 1870 invectionem
1148 1828 1187 1870 se·

199 1926 286 1970 care.
330 1903 461 1972 Oelavit
482 1905 671 1993 paululum,
697 1925 797 1992 quem
819 1903 1005 1992 quaesivit,
1040 1904 1102 1970 sed
1125 1928 1187 1992 per·

198 2006 303 2071 cussit
323 2017 476 2092 repente,
500 2027 599 2092 quem
620 2005 737 2071 tenuit.
779 2001 916 2090 Pigrius
940 2004 1028 2068 enim
1050 2002 1187 2072 fortasse

197 2105 377 2191 incideret,
409 2107 437 2172 si
466 2106 509 2172 ab
537 2108 609 2194 ipso
634 2105 795 2171 sermonis
824 2102 960 2169 exordio
983 2115 1105 2192 aperte
1129 2101 1185 2170 cul·

196 2228 275 2292 pam
295 2204 396 2271 ferire
410 2205 581 2290 voluisset,
606 2206 665 2274 sed
680 2205 865 2293 praemissa
878 2203 1096 2271 similitudine
1112 2226 1186 2284 eam,

198 2326 298 2391 quam
310 2303 514 2388 occultabat,
537 2307 671 2372 exacuit
687 2306 958 2393 increpationem.
987 2304 1042 2370 Ad
1054 2326 1187 2390 aegrum

196 2401 344 2469 medicus
367 2414 525 2487 venerat,
549 2403 727 2471 secandum
749 2404 873 2470 vulnus
894 2401 1050 2486 videbat,
1074 2403 1138 2469 sed
1152 2401 1185 2466 de

196 2503 362 2592 patientia
385 2505 481 2590 aegri
502 2502 687 2570 dubitabat.
729 2503 914 2571 Abscondit
942 2503 1047 2588 igitur
1067 2503 1187 2570 ferrum

197 2602 394 2670 medicinale
416 2602 479 2670 sub
500 2611 610 2687 veste,
641 2602 729 2691 quod
753 2603 906 2670 eductum
929 2603 1038 2670 subito
1060 2603 1186 2669 fixitin

198 2699 356 2788 vulnere,
377 2713 416 2770 ut
437 2711 606 2771 secantem
628 2703 780 2790 gladium
803 2705 940 2772 sentiret
961 2725 1075 2790 aeger,
1101 2711 1187 2770 ante·

199 2822 299 2887 quam
310 2813 474 2886 cerneret,
497 2827 540 2873 ne
553 2806 582 2870 si
595 2813 673 2872 ante
686 2815 846 2888 cerneret,
870 2805 995 2870 sentire
1009 2809 1187 2870 recusaret.

534 3011 747 3081 CAPUT
789 3013 853 3076 III.

317 3148 846 3218 Quomodoadmonendilaess
872 3152 903 3202 ss
928 3147 1066 3200 uinea

258 3282 365 3350 Aliter
386 3283 586 3350 admonendi
608 3293 686 3352 sunt
702 3283 802 3367 laeti,
829 3294 929 3370 atque
947 3281 1046 3352 aliter
1069 3285 1191 3349 tristes

195 3381 310 3450 Laetis
332 3383 485 3450 videlicet
506 3382 682 3450 inferenda
703 3378 782 3450 sunt
803 3382 913 3448 tristia
937 3401 1022 3470 quae
1045 3401 1191 3469 sequun·

197 3487 252 3548 tur
274 3503 317 3547 ex
340 3481 524 3570 supplici03
546 3481 698 3549 tristibus
713 3503 793 3549 vero
807 3477 981 3548 inferenda
994 3491 1075 3546 sunt
1090 3479 1192 3559 laeta,
1218 3481 1219 3510 ¹

234 3717 595 3787 lbfflnwstbaem
