2468 4218
581 187 785 255 ..34-

247 355 458 422 Admonendi
485 363 563 421 sunt
590 353 722 444 itaque,
753 355 812 444 qui
839 363 1016 444 praesunt,
1053 363 1092 418 ut
1120 375 1183 441 per

186 455 492 544 circumspectionis
514 451 660 522 studium
687 453 801 520 oeulos
828 453 1010 538 pervigiles
1031 455 1124 519 intus
1149 464 1181 520 et

184 558 219 625 in
240 557 383 623 circuitu
411 553 570 637 habeant,
594 563 627 618 et
655 553 743 620 coeli
770 552 927 620 animalia
951 554 1023 620 fieri
1043 563 1181 619 conten·

184 655 277 724 dent.
322 653 468 720 Ostensa
490 653 615 742 quippe
637 652 719 718 coeli
740 653 900 720 animalia
922 655 957 719 in
981 653 1125 720 circuitu
1148 665 1180 719 et

183 755 274 820 intus
305 753 411 820 oculis
443 753 546 840 plena
580 751 822 818 describuntur.
872 753 1022 838 Dignum
1051 753 1179 838 quippe
1209 785 1210 842 r

185 861 247 939 est,
267 863 304 920 ut
325 855 445 936 cuncti,
468 853 526 940 qui
546 861 717 939 praesunt,
740 853 832 919 intus
853 861 954 941 atque
976 855 1014 919 in
1035 853 1178 918 circuitu
1209 855 1210 876 ¹

179 953 298 1021 ¹oculos
319 951 479 1034 habeant,
502 959 668 1038 quatenus
680 960 714 1016 et
727 952 856 1020 interno
872 951 982 1042 judici
1001 953 1036 1018 in
1060 964 1177 1019 semet·
1209 973 1210 1026 l

183 1054 265 1143 ipsis
292 1053 428 1140 placere
450 1051 619 1135 studeant,
652 1061 683 1118 et
720 1052 871 1140 exempla
901 1053 992 1120 vitae
1025 1054 1176 1118 exterius
1209 1043 1210 1116 i

180 1151 383 1240 praebentes
406 1175 447 1219 ea
468 1152 578 1237 etiam,
601 1175 688 1239 quae
710 1153 745 1219 in
767 1151 844 1218 aliis
866 1163 944 1220 sunt
965 1151 1176 1238 corrigenda,
1209 1151 1210 1192 ³

183 1251 441 1342 deprehendant

243 1351 452 1418 Admonendi
474 1362 551 1418 sunt
573 1351 715 1436 subditi,
749 1375 791 1418 ne
812 1353 1077 1441 praepositorum
1101 1375 1173 1419 suo·

181 1473 255 1519 rum
284 1453 387 1517 vitam
417 1460 539 1516 temere
563 1451 734 1540 judicent,
769 1453 798 1518 si
827 1451 908 1539 quid
942 1475 998 1518 eos
1031 1451 1174 1518 fortasse

182 1573 285 1637 agere
305 1549 614 1639 reprehensibiliter
640 1551 772 1635 vident,
803 1573 844 1617 ne
865 1552 953 1618 unde
973 1553 1064 1618 mala
1086 1561 1175 1619 recte

181 1649 399 1735 redarguunt,
420 1648 499 1716 inde
520 1671 582 1736 per
604 1651 759 1718 elationis
780 1651 959 1740 impulsum
979 1654 1015 1718 in
1035 1652 1174 1739 profun·
1209 1667 1210 1696 ¹

182 1749 277 1817 diora
298 1758 502 1834 mergantur.
542 1750 752 1818 Admonendi
775 1761 868 1836 sunt,
896 1773 939 1818 ne
960 1774 1034 1818 cum
1055 1751 1175 1840 culpas
1209 1739 1210 1746 ἵ

180 1851 448 1936 praepositorum
455 1849 678 1936 considerant,
691 1860 806 1920 contra
815 1851 1174 1934 eosaudacioresfiant,

159 1948 240 2030 [sed
262 1949 326 2032 sic,
357 1951 387 2015 si
409 1970 477 2038 qua
498 1949 596 2015 valde
618 1961 695 2016 sunt
717 1972 828 2016 eorum
849 1973 976 2038 prava,
1009 1951 1102 2040 apud
1125 1975 1173 2018 se-

177 2050 337 2138 metipsos
366 2047 566 2139 dijudicent,
595 2059 632 2116 ut
660 2060 773 2116 tamen
804 2051 917 2117 divino
944 2052 1062 2118 timore
1097 2073 1173 2118 con·
1209 2039 1210 2094 l

181 2151 287 2216 stricti
306 2148 393 2214 ferre
416 2149 479 2215 sub
502 2150 549 2215 eis
565 2140 906 2238 jugum'reverentiae
919 2173 985 2216 non
1006 2161 1170 2218 recusent

168 2249 280 2330 *Quod
300 2247 419 2315 melius
446 2249 667 2332 ostendimus,
702 2249 731 2314 si
751 2249 866 2317 David
885 2251 1010 2318 factum
1038 2249 1081 2317 ad
1105 2265 1170 2316 nte-

180 2347 272 2414 dium
294 2343 516 2413 deducemus'
551 2347 632 2413 Saul
653 2350 778 2436 quippe
798 2361 1010 2438 persecutor,
1032 2373 1107 2417 cum
1128 2350 1172 2415 ad

178 2446 393 2538 purgandum
430 2455 579 2514 ventrem
611 2449 806 2536 speluncam
835 2448 955 2516 fuisset
986 2451 1169 2536 ingressus,

178 2546 251 2614 illic
272 2569 346 2613 cum
368 2547 448 2613 viris
471 2549 540 2614 suis
554 2547 667 2614 David
677 2549 796 2633 inerat,
820 2551 879 2638 qui
895 2549 967 2638 jam
980 2560 1048 2615 tam
1069 2551 1170 2634 longo

179 2656 327 2735 tempore
348 2647 588 2730 persecutionis
601 2650 674 2738 ejus
691 2649 782 2714 mela
803 2648 975 2715 tolerabat
1018 2649 1169 2737 Cumque

170 2752 255 2814 'eum
276 2747 341 2812 viri
363 2748 414 2814 sui
435 2749 480 2813 ad
499 2747 686 2814 feriendum
708 2747 791 2814 Saul
813 2749 1045 2830 accenderent,
1068 2747 1171 2835 fregit

181 2869 237 2913 eos
267 2845 559 2934 responsionibus,
589 2849 669 2933 quia
695 2869 830 2912 manum
857 2849 994 2914 mittere¹
1015 2849 1051 2915 in
1074 2847 1169 2917 Chri·
1209 2933 1210 2944 ἵ

180 2959 267 3015 stum
288 2947 422 3016 Domini
443 2969 511 3014 non
532 2947 677 3013 deberet.
702 2947 791 3026 'Qui
811 2955 923 3014 tamen
943 2948 1072 3014 occulte
1097 2972 1170 3016 sur·
1209 2983 1210 2988 κ

179 3051 278 3132 rexit,
303 3059 336 3115 et
346 3069 438 3114 oram
449 3046 633 3136 chlamydis
655 3047 729 3137 ejus
741 3046 891 3115 abscidit.
907 3047 932 3131 ι)
966 3047 1058 3130 Quid
1081 3052 1171 3116 enim

179 3171 240 3236 per
261 3147 358 3232 Saul,
379 3147 446 3215 nisi
466 3147 547 3212 mali
568 3155 732 3232 rectores3
768 3148 849 3237 quid
868 3169 928 3237 per
952 3146 1082 3232 David,
1105 3151 1170 3217 nisi

168 3245 258 3318 'boni
279 3248 406 3315 subditi
422 3247 667 3334 designantur?
689 3245 771 3316 Saul
792 3248 896 3336 igitur
917 3259 1067 3316 ventrem
1089 3267 1169 3337 'pur-

166 3351 274 3438 'gare,
296 3359 347 3417 est
367 3370 488 3437 pravos
500 3348 707 3436 praepositos
719 3358 911 3435 conceptam
932 3347 967 3415 in
980 3347 1080 3415 corde
1099 3371 1169 3417 ma·

177 3449 284 3522 litiam
313 3471 419 3536 usque
450 3448 493 3515 ad
521 3470 624 3536 opera
649 3449 760 3516 miseri
788 3448 897 3518 odoris
920 3448 1115 3534 extendere,
1140 3460 1170 3517 et

215 3662 234 3726 ¹)
254 3660 278 3714 1.
296 3659 360 3728 Reg.
377 3659 420 3729 at,
434 3661 464 3721 4.
481 3666 527 3716 ete.
