2462 4220
426 253 653 319 -197-

34 419 165 496 norint,
197 419 325 483 mnnita
351 417 520 486 subsistat.
563 419 660 498 Quae
683 421 770 484 enim
797 416 913 484 futura
936 439 1038 505 prae·

36 515 211 598 videntur,
234 535 310 580 cum
331 519 526 601 praesentia
540 516 685 599 fuerint,
708 517 845 583 minoris
860 518 994 582 virtutis
1008 518 1036 602 ¹)

35 615 137 697 fiunt3
163 617 243 700 quia
263 614 341 680 dum
364 628 479 682 contra
502 619 601 681 ictum
624 617 765 703 quisque
788 617 936 702 paratior
960 613 1034 679 red·

34 711 144 796 ditur,
175 713 279 779 hostis
319 717 379 801 qui
410 738 446 779 se
475 717 682 802 inopinatum
710 715 865 798 credidit,
885 738 934 780 *eo
961 715 1035 801 ipso

33 833 102 896 quo
123 815 299 897 praevisus
322 822 390 895 est,
415 825 605 880 enervatur.
665 811 671 822 '

100 911 148 976 At
169 922 285 977 contra
307 911 506 978 admonendi
528 923 624 994 sunt,
649 915 706 1000 qui
726 915 763 980 in
782 913 879 999 eulpa
894 937 937 977 ex
958 935 1035 978 con·

35 1011 114 1076 silio
137 1011 302 1095 ligantur,
328 1023 491 1098 quatenus
513 1013 656 1099 provida
678 1013 941 1078 consideratione
960 1033 1037 1098 per·

33 1111 203 1198 pendant,
238 1113 318 1197 quia
347 1112 425 1177 dum
454 1113 546 1178 mala
581 1135 624 1176 ex
648 1113 775 1197 judicio
802 1111 951 1191 faciunt,
986 1108 1037 1174 di·

35 1210 188 1274 strictius
211 1219 325 1274 contra
348 1231 383 1273 se
399 1209 566 1296 judicium
588 1212 790 1293 accendunt;
811 1219 851 1275 ut
869 1219 963 1274 tanto
978 1231 1036 1274 eos

34 1309 153 1374 durior
178 1311 343 1374 sententia
364 1310 482 1390 feriat,
506 1322 631 1396 quanto
651 1311 727 1376 illos
749 1311 784 1375 in
799 1309 1036 1395 culpaarctius

32 1407 174 1474 vincula
195 1407 448 1474 deliberationis
469 1408 585 1492 ligant
629 1409 737 1476 Citius
754 1409 895 1474 fortasse
913 1405 1036 1474 delicta

31 1507 237 1596 poenitendo
260 1507 459 1590 abluerent,
483 1509 512 1572 si
533 1507 640 1574 inhia
663 1508 734 1574 sola
755 1507 1034 1594 praecipitatione

32 1605 245 1673 cecidissent.
290 1607 376 1672 Nam
397 1607 526 1674 tardius
553 1616 726 1695 peccatum
757 1606 916 1689 solvitur,
945 1603 1035 1692 qnod

32 1717 67 1773 et
98 1729 160 1793 per
190 1705 366 1772 consilium
397 1705 568 1772 solidatur.
612 1706 687 1770 Nisi
715 1707 803 1772 enim
830 1727 923 1771 mens
946 1705 1037 1772 omni

31 1805 131 1872 modo
156 1814 296 1871 aeterna
319 1803 521 1891 despiceret,
545 1805 702 1891 inculpa
724 1827 766 1870 ex
775 1804 903 1891 judicio
920 1803 948 1888 2)
968 1826 1037 1871 non

29 1905 169 1992 periret.
211 1905 285 1971 Hoc
312 1926 393 1988 ergo
415 1906 688 1992 praecipitatione
716 1902 820 1989 lapsis
841 1925 904 1990 per
925 1903 1034 1968 oonsi-
1138 1935 1139 1938 ι

30 2005 119 2070 lium
147 2013 327 2085 pereuntes
359 2002 519 2072 differunt
537 2006 580 2091 ³),
614 2002 703 2088 quod
731 2024 805 2068 eum
828 2001 865 2066 hi
894 2022 915 2066 a
942 2010 1035 2071 statu

27 2103 190 2191 justitiae
211 2102 380 2189 peccando
404 2103 598 2183 concidunt,
622 2100 817 2189 plerumque
834 2097 932 2166 simul
948 2100 1033 2166 etin
1058 2123 1059 2128 ¹

31 2200 196 2286 laqueum
218 2202 462 2283 desperationis
484 2202 616 2268 cadunt.
657 2200 745 2265 Hinc
767 2209 832 2280 est,
863 2195 952 2284 quod
972 2218 1034 2284 per

31 2297 236 2386 prophetam
250 2301 417 2367 Dominus
428 2320 496 2366 non
507 2310 575 2365 tam
585 2297 898 2386 praecipitationum
910 2318 1032 2383 prava,

32 2421 141 2488 quam
168 2398 360 2469 delictorum
388 2399 500 2468 studia
528 2399 763 2486 reprehendit,
797 2397 927 2468 dicens:
973 2395 1033 2462 Ne

29 2501 150 2566 forte
173 2499 424 2584 egrediatur
450 2509 495 2564 ut
523 2500 637 2584 ignis
665 2497 909 2584 indignatio
929 2517 1030 2578 mea,

30 2608 76 2665 et
101 2597 402 2680 succendatur,
425 2608 465 2664 et
487 2619 567 2664 non
590 2601 662 2683 sit,
685 2599 761 2685 qui
783 2596 1031 2680 extinguat,

29 2707 213 2788 propter
232 2696 446 2788 malitiam
469 2698 708 2767 studiorum
737 2690 1029 2782 vestrorunt)

28 2798 126 2864 Hinc
153 2797 412 2862 iterumiratus
441 2798 536 2864 dicit:
570 2795 765 2864 Visitabo
795 2799 924 2881 super
953 2817 1031 2862 vos

22 2900 160 2986 juxta
179 2895 360 2974 fructum
382 2896 612 2964 studiorum
634 2893 916 2982 vestrorum.⁵)
941 2895 1034 2978 Quia

28 3018 117 3081 ergo
132 2997 288 3082 ‚peccatis
310 2995 387 3062 aliis
409 2995 567 3069 differunt
587 3005 725 3084 peccata
735 3043 746 3078 ,
769 3017 857 3085 quae
874 3018 935 3084 per
953 3018 1032 3064 con·

28 3097 146 3166 silium
168 3105 418 3184 perpetrantur,
440 3105 594 3162 nontam
616 3117 720 3182 prave
741 3093 832 3162 facta
853 3095 1032 3177 Dominus,

24 3218 138 3288 quam
167 3195 277 3275 studia
303 3196 482 3284 pravitatis
509 3197 706 3284 insequitur.
756 3196 798 3262 In
818 3196 917 3262 factis
943 3195 1033 3260 enim

68 3377 91 3439 ι)
112 3371 177 3426 Alit.
196 3373 311 3443 timoris;
330 3376 396 3443 quod
416 3375 503 3428 minus
522 3376 659 3428 convenire
676 3374 785 3441 videtur,
804 3379 863 3425 cunt
879 3362 974 3426 sensus
988 3371 1031 3440 sit,

105 3457 228 3528 praevisa
246 3461 316 3512 meta
340 3459 433 3512 mino
444 3459 471 3511 ri
498 3460 532 3511 vi
550 3460 665 3528 pulsare.
683 3489 717 3499 -
752 3458 773 3524 ²)
790 3457 856 3512 Alit.
874 3473 908 3512 ex
924 3455 1033 3510 consilii

101 3545 265 3615 jrrdtcior-
285 3543 305 3609 ³)
323 3545 341 3596 i.
358 3557 381 3599 o.
398 3544 432 3598 ab
449 3546 518 3612 tllte,
544 3547 653 3615 quipse
675 3543 912 3614 praecipitationem
931 3543 1031 3598 tabem

104 3635 161 3698 tur,
185 3631 204 3684 ii
224 3631 270 3700 qui
287 3645 334 3700 per
351 3628 490 3685 consilium
508 3645 555 3685 seu
571 3645 605 3685 ex
631 3629 814 3686 deliberatione
831 3634 953 3700 pereunt,
978 3631 1032 3684 boe

103 3715 238 3785 morunt,
256 3717 324 3786 quod
339 3721 390 3794 ete.
409 3745 442 3756 —
460 3714 481 3782 ‘t
498 3718 552 3774 Jer.
570 3716 604 3786 t,
622 3717 648 3772 t.
665 3731 699 3758 -·-
719 3714 742 3785 ‘)
759 3717 812 3771 Jer.
829 3716 917 3785 ΖΗ,
