2468 4218
553 223 878 308 -142-‘

169 420 394 497 unoquoquo
423 409 633 482 aggravat
663 409 818 466 contro
838 419 879 462 se
910 396 1082 472 densum
1101 396 1165 471 ln·

167 500 278 573 tum?
289 498 313 584 ¹)
335 497 387 564 Au
390 519 447 562 nro
462 519 590 598 quippe
593 507 709 564 contra
725 520 759 562 se
775 497 912 570 densum
924 495 1028 562 lutum
1041 515 1165 580 leggia·

115 585 117 588 ⁵
170 621 251 666 vare
274 611 324 678 est
345 608 479 662 terrena
502 585 597 662 lucra
625 620 699 665 cuni
722 595 869 682 pondere
901 598 1032 683 peccati
1053 617 1165 675 cumn·
1223 685 1224 690 ἵ

168 697 250 764 lare.
304 696 387 763 Cum
416 695 637 784 multiplicare
672 695 769 778 large
804 695 1025 764 habitationis
1054 697 1166 780 sputis

171 799 328 883 cupiunt,
360 797 500 862 audiant
531 795 620 881 quod
651 797 809 882 scriptum
839 805 901 862 est:
950 798 1052 876 Vae,
1091 795 1166 878 qui

169 896 434 982 conjungitis
469 894 624 975 domum
661 894 711 960 nd
742 894 918 976 domum,
952 907 1165 978 etngrum

168 1017 273 1079 agro
302 993 537 1079 copulatis,
568 1016 702 1080 usque
730 993 781 1060 ad
809 997 1038 1067 torminum
1069 989 1164 1067 lo'ci.

168 1093 370 1181 Numquid
390 1091 649 1158 habitabitis
672 1094 750 1160 soli
772 1117 845 1160 vos
869 1095 910 1158 in
932 1093 1061 1163 medio
1077 1105 1165 1166 ,ter-

167 1194 301 1272 rae‘NJ
344 1191 394 1256 Ao
417 1193 444 1257 si
467 1202 582 1280 nperte
595 1191 735 1261 diceret:
767 1194 951 1279 Quousque
966 1205 1165 1270 vosexten·

166 1292 261 1374 ditis,
298 1293 358 1380 qui
380 1291 502 1355 bebere
524 1293 560 1356 in
582 1294 745 1358 communi
766 1292 889 1364 mundo
912 1304 1082 1360 consortes
1105 1295 1164 1358 mi·

160 1392 254 1458 nime
274 1390 436 1475 potestis?
466 1390 667 1476 Conjunctos
680 1391 811 1477 quidem
827 1392 988 1478 premitis,
1011 1391 1067 1460 sed
1084 1415 1163 1460 con-

165 1500 219 1555 tre
242 1510 326 1575 quos
355 1487 496 1554 valeatis
526 1512 585 1570 vos
607 1490 806 1573 extendere,
838 1513 967 1578 semper
993 1493 1165 1559 invenitis.

164 1586 251 1652 Oum
265 1585 427 1670 augendis
446 1586 595 1675 pecuniis
621 1589 762 1666 inhiant,
784 1589 925 1668 audiant
947 1591 1033 1676 quod
1056 1593 1162 1676 scrip-

160 1696 233 1754 tum
270 1695 334 1750 est:
362 1686 525 1750 Avarus
553 1709 632 1750 non
661 1687 858 1774 impletur
888 1692 1090 1775 pecunie,
1124 1702 1168 1758 et

164 1784 237 1872 qui
260 1795 367 1852 emat
399 1786 523 1851 divit‘
497 1796 595 1867 tias,
630 1809 707 1852 non
739 1790 884 1875 capiet
913 1789 1085 1856 fructus
1110 1813 1163 1858 ex

164 1886 238 1950 cis
255 1882 281 1970 3)
326 1887 469 1952 Fructus
493 1909 617 1973 quippe
630 1909 673 1952 ex
696 1886 762 1952 ill1s
780 1899 924 1973 cuperet
951 1891 1049 1966 sicus
1069 1888 1162 1960 bene

163 2005 323 2072 spargere
345 2008 413 2052 non
435 1985 576 2052 amando
598 1986 768 2052 voluisset
813 1986 884 2066 Qui
904 2011 983 2056 vero
1006 2011 1061 2054 ene
1086 1989 1166 2057 dili·

162 2084 271 2170 gendo
294 2087 434 2167 retinet,
467 2084 524 2150 hic
552 2087 669 2172 utiquc
693 2088 764 2152 sinc
796 2087 907 2154 tructu
938 2087 1163 2172 derelinquet

162 2184 248 2254 Cum
269 2184 393 2271 repleri
414 2187 543 2250 cunctis
573 2184 671 2253 simul
694 2187 813 2272 opibus
835 2187 1065 2268 inardescunt,
1100 2211 1161 2254 nu·

162 2283 257 2350 (liant
289 2283 378 2369 quod
402 2286 559 2370 scriptum
583 2294 648 2347 est:
690 2284 778 2363 Qui
809 2286 993 2353 festinat
1020 2285 1163 2371 ditari,

161 2407 241 2448 non
262 2385 345 2450 erit
374 2384 592 2448 innocens:
613 2388 642 2466 3)
665 2386 812 2469 profecto
843 2387 928 2452 enim
952 2390 1009 2473 qui
1032 2409 1161 2471 sugere

162 2505 242 2570 opes
265 2481 379 2562 ambit,
404 2483 508 2546 vitare
523 2494 695 2568 peccatum
716 2485 869 2571 negligit,
890 2497 922 2552 et
938 2508 1027 2553 more
1041 2489 1161 2560 evium

161 2591 289 2669 suntne,
313 2602 386 2644 cuni
400 2603 509 2647 escam
526 2597 733 2650 torinneium
755 2608 866 2650 rorum
889 2584 1007 2653 avidus
1028 2589 1162 2674 conspi-

160 2682 218 2762 cit,
244 2703 309 2767 quo
332 2683 562 2765 stranguletur
584 2685 715 2771 peccati
737 2683 876 2770 laqueo,
907 2709 973 2756 non
995 2689 1160 2770 agnoscit.

162 2780 245 2849 Cum
266 2781 441 2868 quaelibet
469 2785 655 2868 praesentis
691 2784 805 2848 mundi
830 2783 930 2854 ‚lucra
949 2785 1159 2866 desiderant,

159 2888 194 2944 et
215 2890 281 2961 ea,
306 2901 393 2965 quae
416 2881 455 2946 de
484 2882 595 2948 futuro
626 2882 747 2956 damna
769 2884 960 2970 potientur,
989 2886 1162 2967 ignorant„

159 2979 299 3047 audiant
321 2981 408 3068 quod
430 2985 670 3068 scriptumest:
692 2981 935 3064 Hereditas,
958 2983 1014 3056 ⁴od
1036 3005 1160 3068 quom

157 3079 434 3146 festinatur
424 3106 465 3146 ιιι
494 3081 731 3167 principio,
762 3084 803 3147 in
825 3085 1065 3177 novissimo
1087 3081 1158 3148 be·

157 3179 602 3246 nediotioneceiNJobit
580 3179 647 3265 3)
693 3181 746 3246 Ex
768 3182 832 3246 bac
855 3205 978 3271 qu1ppe
1000 3185 1070 3253 vna
1092 3185 1158 3250 ini·

157 3279 243 3347 tium
264 3279 432 3361 ducimus,
458 3288 496 3344 ut
517 3280 561 3344 ad
583 3279 823 3356 benedictionis
845 3293 965 3353 sortem
988 3285 1025 3349 in
1045 3286 1160 3356 novis·

157 3379 239 3456 simo
265 3380 458 3446 veniemus:
491 3380 548 3466 qni
580 3379 752 3467 itaquein
776 3381 941 3470 principio
975 3383 1160 3458 liereditnri

160 3521 448 3530 -a-...n--ffl

186 3605 206 3674 ¹)
224 3606 323 3666 Hebae
330 3607 365 3680 2,
382 3606 584 3681 o.--²)1s.ai
602 3609 627 3676 5,
647 3607 729 3664 8.—
748 3607 778 3679 3)
795 3611 888 3678 Roth
893 3611 919 3680 5,
938 3612 1015 3666 9.-
983 3610 1060 3682 3)
1075 3613 1159 3672 Prot

226 3691 268 3758 no,
286 3670 379 3748 2o.'-
401 3691 421 3762 ⁵)
440 3695 517 3746 prov.
536 3693 578 3762 ιο,
596 3693 638 3746 ιι
1080 3729 1092 3746 .
