2468 4218
524 264 752 338 4130..

142 433 264 528 ltaque·
283 439 371 505 enim
396 433 508 526 Moysi
533 447 675 504 mentem
695 436 888 524 ignorantia
917 435 1049 502 itineris
1078 457 1139 502 an·

141 535 315 627 gustabat,
349 555 448 625 quem
475 545 508 602 et
537 533 581 603 ad
601 533 799 624 prophetiae
826 533 1003 614 scientiam¹
1022 533 1140 620 cogni·¹

140 641 189 706 no
221 635 407 704 divinitatis
434 633 657 723 expanderat,
690 653 788 720 quem
816 631 968 710 columna
990 634 1141 700 exterius

141 735 314 827 praeibat,
337 755 434 823 quem
456 733 497 800 de
519 736 648 801 cunctis
668 733 810 800 interius
831 753 893 820 per
913 733 1140 800 conversatio·¹

141 857 222 903 nem*
239 857 314 902 eum
334 833 408 900 Deo
431 831 579 900 sedulam
600 831 725 898 locutio
743 830 920 896 familiaris
939 830 1139 898 instruebat.

142 931 210 1002 sed
228 931 386 1001 videlicet
405 935 458 1000 vir
479 931 640 1020 providus
662 929 748 997 elato
770 929 913 997 auditori
930 927 1138 1018 colloquens,

142 1033 299 1101 solatium
319 1035 442 1121 petivit
468 1039 506 1098 ut
527 1029 641 1114 daret,
671 1028 788 1096 ducem
809 1028 1005 1117 requirebat
1015 1033 1051 1096 in
1068 1032 1138 1114 via,

110 1183 114 1192 .
141 1143 181 1200 ut
201 1132 270 1199 dux
292 1133 324 1198 ei
344 1133 419 1198 fieri
441 1133 606 1215 potuisset
626 1130 670 1195 ad
691 1131 804 1195 vitam.
847 1129 927 1213 Egit
947 1129 1079 1217 itaque,
1100 1141 1140 1196 ut

142 1233 308 1322 superbus
330 1230 463 1298 auditor
484 1231 560 1297 voci
584 1229 627 1295 ad
647 1229 785 1296 meliora
802 1225 959 1294 suadenti
976 1249 1015 1296 eo
1030 1231 1139 1315 magis

141 1333 235 1399 fieret
256 1331 416 1412 devotus,
443 1349 509 1416 quo
530 1335 708 1415 putaretur
727 1327 937 1395 necessarius
949 1375 959 1409 ,
994 1337 1027 1393 et
1047 1327 1138 1396 unde

142 1453 178 1500 se
200 1429 447 1498 exhortatorem
469 1449 565 1494 suum
586 1427 786 1516 praecedere
808 1425 974 1509 crederet,
1001 1429 1079 1494 iude
1102 1451 1137 1494 se

141 1530 205 1598 sub
227 1529 337 1595 verbis
360 1525 568 1596 exhortantis
588 1527 776 1594 inclinaret.

453 1725 651 1794 onPUT
682 1725 815 1794 XVIIL

200 1864 379 1934 Quomodo
405 1862 624 1938 admonendi
649 1861 868 1930 pertinaces
893 1867 927 1916 et
954 1863 1074 1916 lucon-

559 1951 716 2002 stantes.

203 2067 312 2134 Aliter
333 2061 533 2132 admonendi
558 2074 637 2130 sunt
665 2065 869 2153 pertinaces,
905 2068 1006 2153 atque
1035 2067 1137 2134 aliter

139 2170 378 2236 inconstantes.
420 2164 492 2230 Illis
514 2162 691 2230 dicendum
713 2173 782 2250 est,
811 2165 901 2254 quod
922 2166 1000 2254 plus
1023 2167 1064 2234 de
1087 2191 1135 2252 se,

142 2291 243 2356 quam
264 2276 360 2348 sunt,
383 2266 546 2347 sentiunt,
569 2273 602 2330 et
623 2263 746 2332 idcirco
760 2264 882 2332 alienis
900 2267 1051 2333 consiliis
1066 2292 1135 2336 non

140 2367 373 2455 acquiescunt3
395 2365 469 2429 istis
490 2385 569 2430 vero
590 2365 809 2432 intimandum
831 2375 898 2448 est,
927 2365 1016 2454 quod
1036 2367 1136 2434 valde

142 2491 178 2535 se
200 2465 422 2554 despicientes
443 2463 640 2550 negligunt,
663 2475 697 2532 et
718 2463 792 2532 ideo
809 2463 944 2532 levitate
960 2467 1135 2551 cogitatio·

140 2591 219 2636 num
242 2591 262 2633 a
285 2588 344 2632 suo
363 2563 491 2651 judicio
512 2586 573 2652 per
595 2573 780 2650 temporum
807 2575 972 2632 momenta
995 2566 1135 2632 flectun-

146 2723 423 2742 u-——o--n—-q

210 2794 275 2846 'l'unr
292 2790 399 2859 Hohab,
425 2795 479 2844 tum
498 2793 555 2863 ejus
578 2792 688 2858 iratres,
712 2791 808 2861 reliqui
824 2793 956 2848 Jethronis
980 2793 1045 2862 lilii,
1069 2811 1135 2866 quos

209 2881 318 2945 Moyses
336 2875 369 2932 38
386 2877 464 2930 arinis
481 2883 555 2946 post,
580 2893 639 2930 cum
664 2877 833 2936 exscindendi
857 2885 944 2934 essent
969 2882 1135 2950 Maiianitae,

210 2963 270 3016 inde
287 2961 403 3028 vocavit,
422 2979 480 3016 cum
494 2962 620 3016 Hebraeis
635 2962 816 3032 promissionis
828 2970 922 3018 terrum
934 2967 1050 3034 ingressi
1066 2975 1135 3038 sunt,

209 3047 368 3101 vocabantur
386 3047 476 3102 Cinaei
495 3049 589 3114 (Judic.
607 3049 631 3113 1,
650 3049 702 3113 16.)
720 3063 736 3101 a
754 3053 906 3119 cognomine
922 3054 1069 3119 Jethronis,
1088 3058 1134 3124 qui

209 3138 235 3187 et
252 3132 365 3186 cinaeus
382 3131 571 3189 nominabatur.
606 3135 639 3188 Et
665 3135 693 3188 hi
714 3136 780 3189 inter
802 3138 916 3191 iudaeos
942 3139 1028 3208 sedem
1054 3139 1133 3193 lixam

209 3218 356 3273 habuerunt
373 3234 426 3273 non
450 3219 700 3286 remissionibus,
728 3235 806 3288 quem
829 3223 1005 3278 tabernaculis
1021 3241 1054 3278 ae
1079 3224 1136 3280 fere

208 3305 236 3357 in
252 3305 377 3358 solitariis
395 3305 472 3370 locis,
501 3319 559 3356 cum
577 3305 646 3374 piam
664 3307 864 3376 religiosamque
882 3311 962 3362 vitam
983 3318 1133 3380 egerente

209 3392 271 3445 vino
288 3396 314 3446 et
330 3390 392 3442 aliis
411 3388 509 3442 deliciis
527 3390 647 3446 abstemii
664 3395 853 3462 continuaeque
871 3395 940 3462 legis
958 3397 1062 3452 divinae
1076 3414 1133 3453 ωο-

210 3477 328 3531 dilationi
354 3478 380 3527 et
402 3475 611 3546 contemplationi
634 3478 721 3531 dediti.
749 3480 810 3545 (Jer.
828 3480 876 3548 35,
895 3479 988 3538 5-11.
1024 3483 1066 3538 Ab
1084 3485 1133 3538 hoc

209 3560 314 3644 liobab,
340 3560 397 3614 viro
415 3561 459 3632 pio
477 3567 501 3616 et
518 3569 619 3632 sancto,
648 3563 695 3634 qui
717 3567 875 3620 Essenorum
893 3573 969 3624 autor
991 3574 1016 3624 et
1037 3584 1133 3640 parens

210 3647 314 3713 dicitur,
341 3645 409 3700 vitas
427 3648 585 3702 monasticae
603 3649 707 3702 initium
724 3651 758 3704 ad
776 3651 940 3708 christianos
958 3669 1042 3724 usquo
1060 3657 1132 3711 deri-

210 3735 286 3786 vatae
301 3731 434 3800 repetitur.
469 3731 523 3788 Ofr.
541 3735 623 3790 Titini
641 3736 768 3805 expositio
785 3738 813 3790 in
830 3741 904 3793 Nun.
923 3741 964 3809 10,
986 3741 1028 3798 29.
