<?xml version="1.0" encoding="UTF-8"?>
<!DOCTYPE html PUBLIC "-//W3C//DTD XHTML 1.0 Transitional//EN"
    "http://www.w3.org/TR/xhtml1/DTD/xhtml1-transitional.dtd">
<html xmlns="http://www.w3.org/1999/xhtml" xml:lang="en" lang="en">
 <head>
  <title>
</title>
<meta http-equiv="Content-Type" content="text/html;charset=utf-8" />
  <meta name='ocr-system' content='tesseract 3.04.00' />
  <meta name='ocr-capabilities' content='ocr_page ocr_carea ocr_par ocr_line ocrx_word'/>
</head>
<body>
  <div class='ocr_page' id='page_1' title='image "./depastoralicura00greggoog_0163.png"; bbox 0 0 2468 4218; ppageno 0'>
   <div class='ocr_carea' id='block_1_1' title="bbox 556 246 781 316">
    <p class='ocr_par' dir='ltr' id='par_1_1' title="bbox 556 246 781 316">
     <span class='ocr_line' id='line_1_1' title="bbox 556 246 781 316; baseline 0.009 -18"><span class='ocrx_word' id='word_1_1' title='bbox 556 246 781 316; x_wconf 80' lang='lat'>-140-</span> 
     </span>
    </p>
   </div>
   <div class='ocr_carea' id='block_1_2' title="bbox 45 412 1220 3474">
    <p class='ocr_par' dir='ltr' id='par_1_2' title="bbox 165 412 1162 897">
     <span class='ocr_line' id='line_1_2' title="bbox 166 412 1162 502; baseline -0.004 -18"><span class='ocrx_word' id='word_1_2' title='bbox 166 417 234 484; x_wconf 76' lang='lat' dir='ltr'><strong>tis</strong></span> <span class='ocrx_word' id='word_1_3' title='bbox 263 413 436 484; x_wconf 77' lang='lat' dir='ltr'><strong>illosum</strong></span> <span class='ocrx_word' id='word_1_4' title='bbox 464 413 647 502; x_wconf 84' lang='lat' dir='ltr'><strong>inopiam</strong></span> <span class='ocrx_word' id='word_1_5' title='bbox 678 412 900 502; x_wconf 83' lang='lat' dir='ltr'><strong>suppleat,</strong></span> <span class='ocrx_word' id='word_1_6' title='bbox 931 422 975 480; x_wconf 87' lang='lat' dir='ltr'><strong>et</strong></span> <span class='ocrx_word' id='word_1_7' title='bbox 1004 421 1049 491; x_wconf 55' lang='grc' dir='ltr'>ὓ</span> <span class='ocrx_word' id='word_1_8' title='bbox 1077 413 1162 481; x_wconf 91' lang='lat' dir='ltr'><strong>illo·</strong></span> 
     </span>
     <span class='ocr_line' id='line_1_3' title="bbox 167 512 1161 601; baseline -0.003 -18"><span class='ocrx_word' id='word_1_9' title='bbox 167 538 260 583; x_wconf 84' lang='lat' dir='ltr'><strong>rum</strong></span> <span class='ocrx_word' id='word_1_10' title='bbox 289 512 550 580; x_wconf 86' lang='lat' dir='ltr'><strong>abundantia</strong></span> <span class='ocrx_word' id='word_1_11' title='bbox 582 522 753 580; x_wconf 86' lang='lat' dir='ltr'><strong>vestrae</strong></span> <span class='ocrx_word' id='word_1_12' title='bbox 787 514 960 601; x_wconf 77' lang='lat' dir='ltr'><strong>inopiae</strong></span> <span class='ocrx_word' id='word_1_13' title='bbox 989 514 1044 578; x_wconf 91' lang='lat' dir='ltr'><strong>sit</strong></span> <span class='ocrx_word' id='word_1_14' title='bbox 1074 535 1161 594; x_wconf 87' lang='lat' dir='ltr'><strong>sup·</strong></span> 
     </span>
     <span class='ocr_line' id='line_1_4' title="bbox 169 609 1161 702; baseline -0.002 -23"><span class='ocrx_word' id='word_1_15' title='bbox 169 611 431 702; x_wconf 82' lang='lat' dir='ltr'><strong>plementunu</strong></span> <span class='ocrx_word' id='word_1_16' title='bbox 450 609 475 696; x_wconf 87' lang='lat'><strong>¹)</strong></span> <span class='ocrx_word' id='word_1_17' title='bbox 519 610 603 678; x_wconf 87' lang='lat' dir='ltr'><strong>Cum</strong></span> <span class='ocrx_word' id='word_1_18' title='bbox 636 613 724 680; x_wconf 88' lang='lat' dir='ltr'><strong>enim</strong></span> <span class='ocrx_word' id='word_1_19' title='bbox 752 612 862 678; x_wconf 85' lang='lat' dir='ltr'><strong>dantis</strong></span> <span class='ocrx_word' id='word_1_20' title='bbox 886 634 978 678; x_wconf 87' lang='lat' dir='ltr'><strong>mens</strong></span> <span class='ocrx_word' id='word_1_21' title='bbox 1006 610 1096 677; x_wconf 86' lang='lat' dir='ltr'><strong>ferre</strong></span> <span class='ocrx_word' id='word_1_22' title='bbox 1118 613 1161 677; x_wconf 89' lang='lat' dir='ltr'><strong>in·</strong></span> 
     </span>
     <span class='ocr_line' id='line_1_5' title="bbox 165 709 1162 800; baseline -0.004 -20"><span class='ocrx_word' id='word_1_23' title='bbox 165 714 282 800; x_wconf 88' lang='lat' dir='ltr'><strong>opiam</strong></span> <span class='ocrx_word' id='word_1_24' title='bbox 309 711 431 792; x_wconf 87' lang='lat' dir='ltr'><strong>nescit,</strong></span> <span class='ocrx_word' id='word_1_25' title='bbox 462 711 491 776; x_wconf 92' lang='lat' dir='ltr'><strong>si</strong></span> <span class='ocrx_word' id='word_1_26' title='bbox 519 710 620 776; x_wconf 88' lang='lat' dir='ltr'><strong>multa</strong></span> <span class='ocrx_word' id='word_1_27' title='bbox 642 709 709 775; x_wconf 89' lang='lat' dir='ltr'><strong>sibi</strong></span> <span class='ocrx_word' id='word_1_28' title='bbox 738 709 929 794; x_wconf 63' lang='lat' dir='ltr'><strong>subtrahit,⁴</strong></span> <span class='ocrx_word' id='word_1_29' title='bbox 958 711 1162 780; x_wconf 77' lang='lat' dir='ltr'><strong>occasionem</strong></span> 
     </span>
     <span class='ocr_line' id='line_1_6' title="bbox 165 810 1162 897; baseline -0.006 -18"><span class='ocrx_word' id='word_1_30' title='bbox 165 821 288 878; x_wconf 84' lang='lat' dir='ltr'><strong>contra</strong></span> <span class='ocrx_word' id='word_1_31' title='bbox 311 832 346 874; x_wconf 89' lang='lat' dir='ltr'><strong>sc</strong></span> <span class='ocrx_word' id='word_1_32' title='bbox 358 810 586 896; x_wconf 84' lang='lat' dir='ltr'><strong>impatientiae</strong></span> <span class='ocrx_word' id='word_1_33' title='bbox 598 810 752 896; x_wconf 82' lang='lat' dir='ltr'><strong>exquirit</strong></span> <span class='ocrx_word' id='word_1_34' title='bbox 789 811 889 876; x_wconf 82' lang='lat' dir='ltr'><strong>Prius</strong></span> <span class='ocrx_word' id='word_1_35' title='bbox 905 831 1052 896; x_wconf 85' lang='lat' dir='ltr'><strong>namque</strong></span> <span class='ocrx_word' id='word_1_36' title='bbox 1074 831 1162 897; x_wconf 88' lang='lat' dir='ltr'><strong>prae·</strong></span> 
     </span>
    </p>

    <p class='ocr_par' dir='ltr' id='par_1_3' title="bbox 45 906 1220 2290">
     <span class='ocr_line' id='line_1_7' title="bbox 45 906 1163 998; baseline -0.002 -22"><span class='ocrx_word' id='word_1_37' title='bbox 45 943 49 953; x_wconf 85' lang='lat'><strong>·</strong></span> <span class='ocrx_word' id='word_1_38' title='bbox 171 906 345 998; x_wconf 84' lang='lat' dir='ltr'><strong>parandus</strong></span> <span class='ocrx_word' id='word_1_39' title='bbox 368 919 419 974; x_wconf 87' lang='lat' dir='ltr'><strong>est</strong></span> <span class='ocrx_word' id='word_1_40' title='bbox 439 909 622 996; x_wconf 85' lang='lat' dir='ltr'><strong>patientiae</strong></span> <span class='ocrx_word' id='word_1_41' title='bbox 644 908 790 992; x_wconf 90' lang='lat' dir='ltr'><strong>animus,</strong></span> <span class='ocrx_word' id='word_1_42' title='bbox 825 919 858 976; x_wconf 88' lang='lat' dir='ltr'><strong>et</strong></span> <span class='ocrx_word' id='word_1_43' title='bbox 879 917 960 976; x_wconf 90' lang='lat' dir='ltr'><strong>tunc</strong></span> <span class='ocrx_word' id='word_1_44' title='bbox 981 917 1043 975; x_wconf 90' lang='lat' dir='ltr'><strong>aut</strong></span> <span class='ocrx_word' id='word_1_45' title='bbox 1063 908 1163 974; x_wconf 87' lang='lat' dir='ltr'><strong>mults</strong></span> 
     </span>
     <span class='ocr_line' id='line_1_8' title="bbox 172 1006 1162 1096; baseline -0.005 -19"><span class='ocrx_word' id='word_1_46' title='bbox 172 1017 252 1077; x_wconf 81' lang='lat' dir='ltr'><strong>aunt</strong></span> <span class='ocrx_word' id='word_1_47' title='bbox 279 1017 338 1072; x_wconf 91' lang='lat' dir='ltr'><strong>aut</strong></span> <span class='ocrx_word' id='word_1_48' title='bbox 368 1018 487 1074; x_wconf 86' lang='lat' dir='ltr'><strong>cuncta</strong></span> <span class='ocrx_word' id='word_1_49' title='bbox 510 1006 703 1092; x_wconf 81' lang='lat' dir='ltr'><strong>largienda:</strong></span> <span class='ocrx_word' id='word_1_50' title='bbox 737 1008 878 1074; x_wconf 88' lang='lat' dir='ltr'><strong>nedum</strong></span> <span class='ocrx_word' id='word_1_51' title='bbox 911 1009 1020 1074; x_wconf 89' lang='lat' dir='ltr'><strong>minus</strong></span> <span class='ocrx_word' id='word_1_52' title='bbox 1042 1031 1162 1096; x_wconf 85' lang='lat' dir='ltr'><strong>aequa·</strong></span> 
     </span>
     <span class='ocr_line' id='line_1_9' title="bbox 166 1106 1220 1194; baseline -0.004 -20"><span class='ocrx_word' id='word_1_53' title='bbox 166 1109 302 1174; x_wconf 84' lang='lat' dir='ltr'><strong>nimiter</strong></span> <span class='ocrx_word' id='word_1_54' title='bbox 324 1107 438 1192; x_wconf 88' lang='lat' dir='ltr'><strong>inopia</strong></span> <span class='ocrx_word' id='word_1_55' title='bbox 462 1107 594 1172; x_wconf 87' lang='lat' dir='ltr'><strong>irruens</strong></span> <span class='ocrx_word' id='word_1_56' title='bbox 616 1106 742 1190; x_wconf 83' lang='lat' dir='ltr'><strong>fertur,</strong></span> <span class='ocrx_word' id='word_1_57' title='bbox 775 1119 808 1174; x_wconf 85' lang='lat' dir='ltr'><strong>ct</strong></span> <span class='ocrx_word' id='word_1_58' title='bbox 829 1108 1035 1194; x_wconf 84' lang='lat' dir='ltr'><strong>praemissae</strong></span> <span class='ocrx_word' id='word_1_59' title='bbox 1065 1107 1162 1193; x_wconf 85' lang='lat' dir='ltr'><strong>largi·</strong></span> <span class='ocrx_word' id='word_1_60' title='bbox 1219 1187 1220 1190; x_wconf 8' lang='grc' dir='ltr'><strong>Ἴ</strong></span> 
     </span>
     <span class='ocr_line' id='line_1_10' title="bbox 166 1205 1162 1294; baseline 0 -22"><span class='ocrx_word' id='word_1_61' title='bbox 166 1208 249 1272; x_wconf 65' lang='grc' dir='ltr'><strong>4ῐιιιίε</strong></span> <span class='ocrx_word' id='word_1_62' title='bbox 271 1228 397 1274; x_wconf 86' lang='lat' dir='ltr'><strong>merces</strong></span> <span class='ocrx_word' id='word_1_63' title='bbox 418 1217 544 1294; x_wconf 86' lang='lat' dir='ltr'><strong>pereat,</strong></span> <span class='ocrx_word' id='word_1_64' title='bbox 566 1214 600 1270; x_wconf 92' lang='lat' dir='ltr'><strong>et</strong></span> <span class='ocrx_word' id='word_1_65' title='bbox 622 1205 732 1272; x_wconf 82' lang='lat' dir='ltr'><strong>adhuc</strong></span> <span class='ocrx_word' id='word_1_66' title='bbox 752 1216 895 1272; x_wconf 88' lang='lat' dir='ltr'><strong>mentem</strong></span> <span class='ocrx_word' id='word_1_67' title='bbox 908 1205 1057 1272; x_wconf 88' lang='lat' dir='ltr'><strong>deterius</strong></span> <span class='ocrx_word' id='word_1_68' title='bbox 1078 1231 1162 1272; x_wconf 90' lang='lat' dir='ltr'><strong>mur·</strong></span> 
     </span>
     <span class='ocr_line' id='line_1_11' title="bbox 167 1295 1220 1392; baseline -0.002 -20"><span class='ocrx_word' id='word_1_69' title='bbox 167 1307 312 1373; x_wconf 49' lang='lat' dir='ltr'><strong>‘mutatio</strong></span> <span class='ocrx_word' id='word_1_70' title='bbox 343 1304 553 1391; x_wconf 85' lang='lat' dir='ltr'><strong>subsequens</strong></span> <span class='ocrx_word' id='word_1_71' title='bbox 585 1306 714 1392; x_wconf 88' lang='lat' dir='ltr'><strong>perdat</strong></span> <span class='ocrx_word' id='word_1_72' title='bbox 759 1304 808 1370; x_wconf 86' lang='lat' dir='ltr'><strong>Ne</strong></span> <span class='ocrx_word' id='word_1_73' title='bbox 838 1307 971 1372; x_wconf 89' lang='lat' dir='ltr'><strong>omniuo</strong></span> <span class='ocrx_word' id='word_1_74' title='bbox 998 1303 1084 1370; x_wconf 91' lang='lat' dir='ltr'><strong>nihil</strong></span> <span class='ocrx_word' id='word_1_75' title='bbox 1120 1306 1163 1370; x_wconf 89' lang='lat' dir='ltr'><strong>eis</strong></span> <span class='ocrx_word' id='word_1_76' title='bbox 1219 1295 1220 1360; x_wconf 84' lang='lat' dir='ltr'><strong>l</strong></span> 
     </span>
     <span class='ocr_line' id='line_1_12' title="bbox 169 1403 1163 1494; baseline -0.002 -22"><span class='ocrx_word' id='word_1_77' title='bbox 169 1407 365 1494; x_wconf 85' lang='lat' dir='ltr'><strong>praebeant,</strong></span> <span class='ocrx_word' id='word_1_78' title='bbox 392 1403 515 1492; x_wconf 89' lang='lat' dir='ltr'><strong>quibus</strong></span> <span class='ocrx_word' id='word_1_79' title='bbox 537 1404 688 1470; x_wconf 81' lang='lat' dir='ltr'><strong>conferre</strong></span> <span class='ocrx_word' id='word_1_80' title='bbox 710 1403 840 1491; x_wconf 85' lang='lat' dir='ltr'><strong>aliquid</strong></span> <span class='ocrx_word' id='word_1_81' title='bbox 865 1425 1008 1492; x_wconf 89' lang='lat' dir='ltr'><strong>parvum</strong></span> <span class='ocrx_word' id='word_1_82' title='bbox 1031 1403 1163 1485; x_wconf 86' lang='lat' dir='ltr'><strong>debent,</strong></span> 
     </span>
     <span class='ocr_line' id='line_1_13' title="bbox 174 1500 1163 1590; baseline -0.003 -20"><span class='ocrx_word' id='word_1_83' title='bbox 174 1504 314 1570; x_wconf 86' lang='lat' dir='ltr'><strong>audiant</strong></span> <span class='ocrx_word' id='word_1_84' title='bbox 354 1502 442 1590; x_wconf 85' lang='lat' dir='ltr'><strong>quod</strong></span> <span class='ocrx_word' id='word_1_85' title='bbox 478 1503 637 1589; x_wconf 86' lang='lat' dir='ltr'><strong>scriptum</strong></span> <span class='ocrx_word' id='word_1_86' title='bbox 670 1513 735 1568; x_wconf 81' lang='lat' dir='ltr'><strong>est:</strong></span> <span class='ocrx_word' id='word_1_87' title='bbox 780 1500 903 1568; x_wconf 88' lang='lat' dir='ltr'><strong>Omni</strong></span> <span class='ocrx_word' id='word_1_88' title='bbox 932 1505 1099 1590; x_wconf 87' lang='lat' dir='ltr'><strong>petenti</strong></span> <span class='ocrx_word' id='word_1_89' title='bbox 1129 1513 1163 1568; x_wconf 90' lang='lat' dir='ltr'><strong>tc</strong></span> 
     </span>
     <span class='ocr_line' id='line_1_14' title="bbox 167 1601 1163 1690; baseline -0.001 -23"><span class='ocrx_word' id='word_1_90' title='bbox 167 1601 364 1687; x_wconf 79' lang='lat' dir='ltr'><strong>tribuc.²)</strong></span> <span class='ocrx_word' id='word_1_91' title='bbox 408 1602 458 1666; x_wconf 88' lang='lat' dir='ltr'><strong>Ne</strong></span> <span class='ocrx_word' id='word_1_92' title='bbox 493 1602 611 1667; x_wconf 86' lang='lat' dir='ltr'><strong>saltem</strong></span> <span class='ocrx_word' id='word_1_93' title='bbox 644 1601 770 1688; x_wconf 87' lang='lat' dir='ltr'><strong>aliquid</strong></span> <span class='ocrx_word' id='word_1_94' title='bbox 805 1601 1007 1690; x_wconf 84' lang='lat' dir='ltr'><strong>praebeant,</strong></span> <span class='ocrx_word' id='word_1_95' title='bbox 1042 1602 1163 1689; x_wconf 89' lang='lat' dir='ltr'><strong>quibus</strong></span> 
     </span>
     <span class='ocr_line' id='line_1_15' title="bbox 167 1700 1163 1789; baseline -0.002 -21"><span class='ocrx_word' id='word_1_96' title='bbox 167 1705 302 1768; x_wconf 85' lang='lat' dir='ltr'><strong>omnino</strong></span> <span class='ocrx_word' id='word_1_97' title='bbox 325 1700 472 1766; x_wconf 86' lang='lat' dir='ltr'><strong>conferre</strong></span> <span class='ocrx_word' id='word_1_98' title='bbox 493 1702 542 1766; x_wconf 91' lang='lat' dir='ltr'><strong>nil</strong></span> <span class='ocrx_word' id='word_1_99' title='bbox 564 1701 704 1784; x_wconf 86' lang='lat' dir='ltr'><strong>debent,</strong></span> <span class='ocrx_word' id='word_1_100' title='bbox 727 1701 878 1768; x_wconf 85' lang='lat' dir='ltr'><strong>audiant</strong></span> <span class='ocrx_word' id='word_1_101' title='bbox 897 1703 985 1789; x_wconf 90' lang='lat' dir='ltr'><strong>quod</strong></span> <span class='ocrx_word' id='word_1_102' title='bbox 1007 1703 1163 1788; x_wconf 88' lang='lat' dir='ltr'><strong>scriptum</strong></span> 
     </span>
     <span class='ocr_line' id='line_1_16' title="bbox 167 1798 1162 1888; baseline 0 -22"><span class='ocrx_word' id='word_1_103' title='bbox 167 1812 234 1866; x_wconf 87' lang='lat' dir='ltr'><strong>est:</strong></span> <span class='ocrx_word' id='word_1_104' title='bbox 266 1799 327 1864; x_wconf 90' lang='lat' dir='ltr'><strong>Da</strong></span> <span class='ocrx_word' id='word_1_105' title='bbox 357 1798 484 1881; x_wconf 82' lang='lat' dir='ltr'><strong>bono,</strong></span> <span class='ocrx_word' id='word_1_106' title='bbox 520 1813 558 1866; x_wconf 89' lang='lat' dir='ltr'><strong>ct</strong></span> <span class='ocrx_word' id='word_1_107' title='bbox 591 1823 673 1866; x_wconf 90' lang='lat' dir='ltr'><strong>non</strong></span> <span class='ocrx_word' id='word_1_108' title='bbox 701 1803 938 1886; x_wconf 76' lang='lat' dir='ltr'><strong>receperis</strong></span> <span class='ocrx_word' id='word_1_109' title='bbox 970 1810 1162 1888; x_wconf 89' lang='lat' dir='ltr'><strong>pcccato-</strong></span> 
     </span>
     <span class='ocr_line' id='line_1_17' title="bbox 170 1897 1161 1981; baseline 0.002 -19"><span class='ocrx_word' id='word_1_110' title='bbox 170 1921 269 1962; x_wconf 84' lang='lat' dir='ltr'><strong>rem:</strong></span> <span class='ocrx_word' id='word_1_111' title='bbox 296 1898 474 1963; x_wconf 78' lang='lat' dir='ltr'><strong>benefac</strong></span> <span class='ocrx_word' id='word_1_112' title='bbox 505 1897 675 1981; x_wconf 86' lang='lat' dir='ltr'><strong>humili,</strong></span> <span class='ocrx_word' id='word_1_113' title='bbox 708 1909 749 1964; x_wconf 87' lang='lat' dir='ltr'><strong>et</strong></span> <span class='ocrx_word' id='word_1_114' title='bbox 780 1923 859 1966; x_wconf 85' lang='lat' dir='ltr'><strong>uon</strong></span> <span class='ocrx_word' id='word_1_115' title='bbox 893 1900 1064 1966; x_wconf 86' lang='lat' dir='ltr'><strong>dederis</strong></span> <span class='ocrx_word' id='word_1_116' title='bbox 1099 1903 1161 1964; x_wconf 89' lang='lat' dir='ltr'><strong>im·</strong></span> 
     </span>
     <span class='ocr_line' id='line_1_18' title="bbox 170 1995 1161 2087; baseline 0.002 -25"><span class='ocrx_word' id='word_1_117' title='bbox 170 1999 249 2087; x_wconf 85' lang='lat' dir='ltr'><strong>pio.</strong></span> <span class='ocrx_word' id='word_1_118' title='bbox 266 1995 292 2084; x_wconf 80' lang='lat'><strong>³)</strong></span> <span class='ocrx_word' id='word_1_119' title='bbox 337 1997 382 2064; x_wconf 80' lang='lat' dir='ltr'><strong>Et</strong></span> <span class='ocrx_word' id='word_1_120' title='bbox 402 2020 550 2062; x_wconf 90' lang='lat' dir='ltr'><strong>rursum:</strong></span> <span class='ocrx_word' id='word_1_121' title='bbox 570 1999 720 2064; x_wconf 87' lang='lat' dir='ltr'><strong>Panem</strong></span> <span class='ocrx_word' id='word_1_122' title='bbox 744 2009 859 2064; x_wconf 89' lang='lat' dir='ltr'><strong>tuum</strong></span> <span class='ocrx_word' id='word_1_123' title='bbox 881 2011 923 2064; x_wconf 87' lang='lat' dir='ltr'><strong>ct</strong></span> <span class='ocrx_word' id='word_1_124' title='bbox 945 2001 1077 2066; x_wconf 89' lang='lat' dir='ltr'><strong>vinum</strong></span> <span class='ocrx_word' id='word_1_125' title='bbox 1104 2023 1161 2066; x_wconf 91' lang='lat' dir='ltr'><strong>su·</strong></span> 
     </span>
     <span class='ocr_line' id='line_1_19' title="bbox 172 2096 1219 2184; baseline 0 -22"><span class='ocrx_word' id='word_1_126' title='bbox 172 2119 244 2184; x_wconf 87' lang='lat' dir='ltr'><strong>per</strong></span> <span class='ocrx_word' id='word_1_127' title='bbox 266 2096 533 2184; x_wconf 81' lang='lat' dir='ltr'><strong>sepulturam</strong></span> <span class='ocrx_word' id='word_1_128' title='bbox 550 2099 665 2184; x_wconf 88' lang='lat' dir='ltr'><strong>justi</strong></span> <span class='ocrx_word' id='word_1_129' title='bbox 686 2098 923 2182; x_wconf 87' lang='lat' dir='ltr'><strong>constitue,</strong></span> <span class='ocrx_word' id='word_1_130' title='bbox 947 2108 990 2163; x_wconf 87' lang='lat' dir='ltr'><strong>ct</strong></span> <span class='ocrx_word' id='word_1_131' title='bbox 1012 2097 1096 2162; x_wconf 91' lang='lat' dir='ltr'><strong>noli</strong></span> <span class='ocrx_word' id='word_1_132' title='bbox 1119 2121 1163 2163; x_wconf 84' lang='lat' dir='ltr'><strong>cx</strong></span> <span class='ocrx_word' id='word_1_133' title='bbox 1218 2105 1219 2184; x_wconf 65' lang='lat' dir='ltr'><strong>l</strong></span> 
     </span>
     <span class='ocr_line' id='line_1_20' title="bbox 169 2193 1219 2290; baseline 0.004 -32"><span class='ocrx_word' id='word_1_134' title='bbox 169 2217 216 2261; x_wconf 89' lang='lat' dir='ltr'><strong>eo</strong></span> <span class='ocrx_word' id='word_1_135' title='bbox 237 2193 700 2262; x_wconf 87' lang='lat' dir='ltr'><strong>manducarcetbibere</strong></span> <span class='ocrx_word' id='word_1_136' title='bbox 717 2219 804 2262; x_wconf 90' lang='lat' dir='ltr'><strong>cum</strong></span> <span class='ocrx_word' id='word_1_137' title='bbox 824 2197 1163 2284; x_wconf 58' lang='lat' dir='ltr'><strong>peccatoribusr)</strong></span> <span class='ocrx_word' id='word_1_138' title='bbox 1218 2223 1219 2290; x_wconf 55' lang='lat' dir='ltr'>j</span> 
     </span>
    </p>

    <p class='ocr_par' dir='ltr' id='par_1_4' title="bbox 171 2295 1219 3175">
     <span class='ocr_line' id='line_1_21' title="bbox 233 2295 1219 2383; baseline 0 -25"><span class='ocrx_word' id='word_1_139' title='bbox 233 2295 359 2360; x_wconf 90' lang='lat' dir='ltr'><strong>Panem</strong></span> <span class='ocrx_word' id='word_1_140' title='bbox 388 2295 475 2360; x_wconf 88' lang='lat' dir='ltr'><strong>enim</strong></span> <span class='ocrx_word' id='word_1_141' title='bbox 498 2318 593 2360; x_wconf 90' lang='lat' dir='ltr'><strong>suum</strong></span> <span class='ocrx_word' id='word_1_142' title='bbox 616 2307 648 2360; x_wconf 88' lang='lat' dir='ltr'><strong>et</strong></span> <span class='ocrx_word' id='word_1_143' title='bbox 681 2296 795 2360; x_wconf 87' lang='lat' dir='ltr'><strong>vinum</strong></span> <span class='ocrx_word' id='word_1_144' title='bbox 817 2295 1049 2383; x_wconf 87' lang='lat' dir='ltr'><strong>peccatoribus</strong></span> <span class='ocrx_word' id='word_1_145' title='bbox 1069 2318 1164 2382; x_wconf 88' lang='lat' dir='ltr'><strong>prae·</strong></span> <span class='ocrx_word' id='word_1_146' title='bbox 1218 2309 1219 2358; x_wconf 78' lang='lat' dir='ltr'><strong>l</strong></span> 
     </span>
     <span class='ocr_line' id='line_1_22' title="bbox 173 2393 1164 2482; baseline 0 -24"><span class='ocrx_word' id='word_1_147' title='bbox 173 2393 241 2474; x_wconf 86' lang='lat' dir='ltr'><strong>bct,</strong></span> <span class='ocrx_word' id='word_1_148' title='bbox 265 2394 323 2480; x_wconf 92' lang='lat' dir='ltr'><strong>qui</strong></span> <span class='ocrx_word' id='word_1_149' title='bbox 343 2394 470 2480; x_wconf 89' lang='lat' dir='ltr'><strong>iniquis</strong></span> <span class='ocrx_word' id='word_1_150' title='bbox 491 2393 642 2460; x_wconf 84' lang='lat' dir='ltr'><strong>subsidia</strong></span> <span class='ocrx_word' id='word_1_151' title='bbox 664 2417 725 2482; x_wconf 89' lang='lat' dir='ltr'><strong>pro</strong></span> <span class='ocrx_word' id='word_1_152' title='bbox 747 2417 806 2478; x_wconf 88' lang='lat' dir='ltr'><strong>ec,</strong></span> <span class='ocrx_word' id='word_1_153' title='bbox 831 2393 921 2482; x_wconf 87' lang='lat' dir='ltr'><strong>quod</strong></span> <span class='ocrx_word' id='word_1_154' title='bbox 943 2396 1054 2482; x_wconf 90' lang='lat' dir='ltr'><strong>iniqui</strong></span> <span class='ocrx_word' id='word_1_155' title='bbox 1075 2405 1164 2473; x_wconf 86' lang='lat' dir='ltr'><strong>sunt,</strong></span> 
     </span>
     <span class='ocr_line' id='line_1_23' title="bbox 172 2490 1166 2581; baseline 0 -23"><span class='ocrx_word' id='word_1_156' title='bbox 172 2490 344 2580; x_wconf 88' lang='lat' dir='ltr'><strong>impendit.</strong></span> <span class='ocrx_word' id='word_1_157' title='bbox 388 2492 485 2559; x_wconf 85' lang='lat' dir='ltr'><strong>Unde</strong></span> <span class='ocrx_word' id='word_1_158' title='bbox 514 2502 548 2558; x_wconf 92' lang='lat' dir='ltr'><strong>et</strong></span> <span class='ocrx_word' id='word_1_159' title='bbox 577 2493 725 2560; x_wconf 90' lang='lat' dir='ltr'><strong>nonnulli</strong></span> <span class='ocrx_word' id='word_1_160' title='bbox 756 2494 858 2581; x_wconf 88' lang='lat' dir='ltr'><strong>hujus</strong></span> <span class='ocrx_word' id='word_1_161' title='bbox 889 2495 1006 2560; x_wconf 88' lang='lat' dir='ltr'><strong>mundi</strong></span> <span class='ocrx_word' id='word_1_162' title='bbox 1036 2495 1166 2572; x_wconf 86' lang='lat' dir='ltr'><strong>divites,</strong></span> 
     </span>
     <span class='ocr_line' id='line_1_24' title="bbox 171 2591 1166 2680; baseline 0.002 -24"><span class='ocrx_word' id='word_1_163' title='bbox 171 2614 248 2658; x_wconf 91' lang='lat' dir='ltr'><strong>cum</strong></span> <span class='ocrx_word' id='word_1_164' title='bbox 273 2591 361 2658; x_wconf 83' lang='lat' dir='ltr'><strong>sume</strong></span> <span class='ocrx_word' id='word_1_165' title='bbox 388 2593 578 2660; x_wconf 78' lang='lat' dir='ltr'><strong>crucientur</strong></span> <span class='ocrx_word' id='word_1_166' title='bbox 602 2593 728 2660; x_wconf 84' lang='lat' dir='ltr'><strong>Christi</strong></span> <span class='ocrx_word' id='word_1_167' title='bbox 749 2614 933 2680; x_wconf 88' lang='lat' dir='ltr'><strong>pauperes,</strong></span> <span class='ocrx_word' id='word_1_168' title='bbox 963 2593 1075 2660; x_wconf 88' lang='lat' dir='ltr'><strong>effusis</strong></span> <span class='ocrx_word' id='word_1_169' title='bbox 1099 2593 1166 2660; x_wconf 87' lang='lat' dir='ltr'><strong>lar-</strong></span> 
     </span>
     <span class='ocr_line' id='line_1_25' title="bbox 172 2691 1167 2776; baseline 0.002 -22"><span class='ocrx_word' id='word_1_170' title='bbox 172 2691 336 2776; x_wconf 76' lang='lat' dir='ltr'><strong>gitatibus</strong></span> <span class='ocrx_word' id='word_1_171' title='bbox 364 2693 518 2758; x_wconf 87' lang='lat' dir='ltr'><strong>nutriunt</strong></span> <span class='ocrx_word' id='word_1_172' title='bbox 552 2691 741 2758; x_wconf 85' lang='lat' dir='ltr'><strong>histriones.</strong></span> <span class='ocrx_word' id='word_1_173' title='bbox 793 2692 860 2774; x_wconf 80' lang='lat' dir='ltr'><strong>Qui</strong></span> <span class='ocrx_word' id='word_1_174' title='bbox 890 2715 970 2760; x_wconf 84' lang='lat' dir='ltr'><strong>vcro</strong></span> <span class='ocrx_word' id='word_1_175' title='bbox 1003 2691 1167 2776; x_wconf 87' lang='lat' dir='ltr'><strong>indigenti</strong></span> 
     </span>
     <span class='ocr_line' id='line_1_26' title="bbox 172 2790 1168 2880; baseline 0.002 -26"><span class='ocrx_word' id='word_1_176' title='bbox 172 2790 273 2854; x_wconf 87' lang='lat' dir='ltr'><strong>etiam</strong></span> <span class='ocrx_word' id='word_1_177' title='bbox 299 2793 467 2875; x_wconf 86' lang='lat' dir='ltr'><strong>peccatori</strong></span> <span class='ocrx_word' id='word_1_178' title='bbox 496 2814 615 2879; x_wconf 85' lang='lat' dir='ltr'><strong>panem</strong></span> <span class='ocrx_word' id='word_1_179' title='bbox 645 2813 762 2873; x_wconf 85' lang='lat' dir='ltr'><strong>suum,</strong></span> <span class='ocrx_word' id='word_1_180' title='bbox 797 2815 860 2856; x_wconf 89' lang='lat' dir='ltr'><strong>non</strong></span> <span class='ocrx_word' id='word_1_181' title='bbox 892 2793 971 2878; x_wconf 89' lang='lat' dir='ltr'><strong>quia</strong></span> <span class='ocrx_word' id='word_1_182' title='bbox 1001 2801 1168 2880; x_wconf 68' lang='lat' dir='ltr'><strong>peccatur,</strong></span> 
     </span>
     <span class='ocr_line' id='line_1_27' title="bbox 172 2887 1167 2978; baseline 0.003 -25"><span class='ocrx_word' id='word_1_183' title='bbox 172 2887 231 2953; x_wconf 88' lang='lat' dir='ltr'><strong>sed</strong></span> <span class='ocrx_word' id='word_1_184' title='bbox 255 2890 337 2976; x_wconf 90' lang='lat' dir='ltr'><strong>quia</strong></span> <span class='ocrx_word' id='word_1_185' title='bbox 358 2889 453 2958; x_wconf 92' lang='lat' dir='ltr'><strong>homo</strong></span> <span class='ocrx_word' id='word_1_186' title='bbox 475 2900 545 2976; x_wconf 88' lang='lat' dir='ltr'><strong>est,</strong></span> <span class='ocrx_word' id='word_1_187' title='bbox 568 2889 702 2974; x_wconf 79' lang='lat' dir='ltr'><strong>tribuit3</strong></span> <span class='ocrx_word' id='word_1_188' title='bbox 735 2891 888 2958; x_wconf 87' lang='lat' dir='ltr'><strong>nimirum</strong></span> <span class='ocrx_word' id='word_1_189' title='bbox 916 2914 984 2958; x_wconf 87' lang='lat' dir='ltr'><strong>non</strong></span> <span class='ocrx_word' id='word_1_190' title='bbox 1016 2900 1167 2978; x_wconf 87' lang='lat' dir='ltr'><strong>peccato·</strong></span> 
     </span>
     <span class='ocr_line' id='line_1_28' title="bbox 172 2988 1169 3079; baseline -0.004 -23"><span class='ocrx_word' id='word_1_191' title='bbox 172 3011 255 3073; x_wconf 86' lang='lat' dir='ltr'><strong>rem,</strong></span> <span class='ocrx_word' id='word_1_192' title='bbox 279 2989 337 3056; x_wconf 88' lang='lat' dir='ltr'><strong>sed</strong></span> <span class='ocrx_word' id='word_1_193' title='bbox 354 2992 485 3079; x_wconf 90' lang='lat' dir='ltr'><strong>justum</strong></span> <span class='ocrx_word' id='word_1_194' title='bbox 506 3003 689 3079; x_wconf 83' lang='lat' dir='ltr'><strong>pauperem</strong></span> <span class='ocrx_word' id='word_1_195' title='bbox 711 2993 831 3075; x_wconf 86' lang='lat' dir='ltr'><strong>nutrit,</strong></span> <span class='ocrx_word' id='word_1_196' title='bbox 863 2993 943 3078; x_wconf 88' lang='lat' dir='ltr'><strong>quia</strong></span> <span class='ocrx_word' id='word_1_197' title='bbox 966 2993 999 3056; x_wconf 91' lang='lat' dir='ltr'><strong>in</strong></span> <span class='ocrx_word' id='word_1_198' title='bbox 1022 2988 1079 3054; x_wconf 92' lang='lat' dir='ltr'><strong>illo</strong></span> <span class='ocrx_word' id='word_1_199' title='bbox 1105 3011 1169 3054; x_wconf 86' lang='lat' dir='ltr'><strong>non</strong></span> 
     </span>
     <span class='ocr_line' id='line_1_29' title="bbox 174 3087 720 3175; baseline 0.005 -22"><span class='ocrx_word' id='word_1_200' title='bbox 174 3087 318 3175; x_wconf 82' lang='lat' dir='ltr'><strong>culpam,</strong></span> <span class='ocrx_word' id='word_1_201' title='bbox 341 3087 400 3156; x_wconf 88' lang='lat' dir='ltr'><strong>sed</strong></span> <span class='ocrx_word' id='word_1_202' title='bbox 424 3099 579 3156; x_wconf 90' lang='lat' dir='ltr'><strong>naturam</strong></span> <span class='ocrx_word' id='word_1_203' title='bbox 600 3088 720 3174; x_wconf 77' lang='lat' dir='ltr'><strong>diligis</strong></span> 
     </span>
    </p>

    <p class='ocr_par' dir='ltr' id='par_1_5' title="bbox 172 3185 1170 3474">
     <span class='ocr_line' id='line_1_30' title="bbox 234 3185 1167 3276; baseline -0.003 -22"><span class='ocrx_word' id='word_1_204' title='bbox 234 3186 442 3256; x_wconf 86' lang='lat' dir='ltr'><strong>Admouendi</strong></span> <span class='ocrx_word' id='word_1_205' title='bbox 464 3197 541 3252; x_wconf 90' lang='lat' dir='ltr'><strong>sunt</strong></span> <span class='ocrx_word' id='word_1_206' title='bbox 563 3189 674 3266; x_wconf 83' lang='lat' dir='ltr'><strong>etiam,</strong></span> <span class='ocrx_word' id='word_1_207' title='bbox 697 3187 759 3275; x_wconf 18' lang='lat' dir='ltr'><strong>qui*</strong></span> <span class='ocrx_word' id='word_1_208' title='bbox 773 3190 846 3276; x_wconf 87' lang='lat' dir='ltr'><strong>jam</strong></span> <span class='ocrx_word' id='word_1_209' title='bbox 869 3211 930 3254; x_wconf 92' lang='lat' dir='ltr'><strong>sua</strong></span> <span class='ocrx_word' id='word_1_210' title='bbox 947 3185 1167 3254; x_wconf 89' lang='lat' dir='ltr'><strong>misericordi-</strong></span> 
     </span>
     <span class='ocr_line' id='line_1_31' title="bbox 173 3285 1167 3372; baseline -0.001 -20"><span class='ocrx_word' id='word_1_211' title='bbox 173 3301 224 3352; x_wconf 88' lang='lat' dir='ltr'><strong>ter</strong></span> <span class='ocrx_word' id='word_1_212' title='bbox 254 3287 466 3372; x_wconf 84' lang='lat' dir='ltr'><strong>largiuntur,</strong></span> <span class='ocrx_word' id='word_1_213' title='bbox 500 3296 538 3352; x_wconf 91' lang='lat' dir='ltr'><strong>ut</strong></span> <span class='ocrx_word' id='word_1_214' title='bbox 566 3285 708 3354; x_wconf 88' lang='lat' dir='ltr'><strong>sollicite</strong></span> <span class='ocrx_word' id='word_1_215' title='bbox 740 3287 907 3354; x_wconf 88' lang='lat' dir='ltr'><strong>custodire</strong></span> <span class='ocrx_word' id='word_1_216' title='bbox 930 3287 1106 3368; x_wconf 86' lang='lat' dir='ltr'><strong>studeant,</strong></span> <span class='ocrx_word' id='word_1_217' title='bbox 1128 3308 1167 3352; x_wconf 89' lang='lat' dir='ltr'><strong>ne</strong></span> 
     </span>
     <span class='ocr_line' id='line_1_32' title="bbox 172 3385 1170 3474; baseline -0.001 -24"><span class='ocrx_word' id='word_1_218' title='bbox 172 3405 248 3450; x_wconf 88' lang='lat' dir='ltr'><strong>cum</strong></span> <span class='ocrx_word' id='word_1_219' title='bbox 269 3386 443 3452; x_wconf 86' lang='lat' dir='ltr'><strong>commissa</strong></span> <span class='ocrx_word' id='word_1_220' title='bbox 463 3394 602 3471; x_wconf 85' lang='lat' dir='ltr'><strong>peccata</strong></span> <span class='ocrx_word' id='word_1_221' title='bbox 614 3385 834 3474; x_wconf 83' lang='lat' dir='ltr'><strong>eleemosynis</strong></span> <span class='ocrx_word' id='word_1_222' title='bbox 858 3387 1036 3468; x_wconf 87' lang='lat' dir='ltr'><strong>redimunt,</strong></span> <span class='ocrx_word' id='word_1_223' title='bbox 1061 3385 1170 3452; x_wconf 86' lang='lat' dir='ltr'><strong>adhuc</strong></span> 
     </span>
    </p>
   </div>
   <div class='ocr_carea' id='block_1_3' title="bbox 205 3614 1167 3775">
    <p class='ocr_par' dir='ltr' id='par_1_6' title="bbox 205 3614 1167 3775">
     <span class='ocr_line' id='line_1_33' title="bbox 205 3614 1167 3756; baseline -0.006 -80"><span class='ocrx_word' id='word_1_224' title='bbox 205 3625 225 3688; x_wconf 74' lang='lat'><strong>¹)</strong></span> <span class='ocrx_word' id='word_1_225' title='bbox 244 3625 269 3677; x_wconf 75' lang='grc'><strong>2.</strong></span> <span class='ocrx_word' id='word_1_226' title='bbox 287 3621 346 3676; x_wconf 78' lang='lat' dir='ltr'><strong>Gor.</strong></span> <span class='ocrx_word' id='word_1_227' title='bbox 364 3617 389 3756; x_wconf 60' lang='grc' dir='ltr'><strong>ἓ,</strong></span> <span class='ocrx_word' id='word_1_228' title='bbox 419 3617 460 3674; x_wconf 84' lang='grc'><strong>13.</strong></span> <span class='ocrx_word' id='word_1_229' title='bbox 481 3617 521 3672; x_wconf 81' lang='lat' dir='ltr'><strong>ll.</strong></span> <span class='ocrx_word' id='word_1_230' title='bbox 546 3647 580 3656; x_wconf 80' lang='lat'>-</span> <span class='ocrx_word' id='word_1_231' title='bbox 606 3618 631 3687; x_wconf 84' lang='lat'><strong>¹)</strong></span> <span class='ocrx_word' id='word_1_232' title='bbox 649 3619 713 3674; x_wconf 91' lang='lat' dir='ltr'><strong>Luc.</strong></span> <span class='ocrx_word' id='word_1_233' title='bbox 730 3619 755 3686; x_wconf 84' lang='grc'><strong>6,</strong></span> <span class='ocrx_word' id='word_1_234' title='bbox 774 3619 816 3676; x_wconf 83' lang='grc'><strong>30.</strong></span> <span class='ocrx_word' id='word_1_235' title='bbox 843 3650 877 3660; x_wconf 83' lang='lat'>-</span> <span class='ocrx_word' id='word_1_236' title='bbox 897 3615 917 3693; x_wconf 79' lang='lat'><strong>¹)</strong></span> <span class='ocrx_word' id='word_1_237' title='bbox 935 3617 1017 3672; x_wconf 85' lang='lat' dir='ltr'><strong>Eccli.</strong></span> <span class='ocrx_word' id='word_1_238' title='bbox 1037 3614 1077 3683; x_wconf 79' lang='lat' dir='ltr'><strong>ta,</strong></span> <span class='ocrx_word' id='word_1_239' title='bbox 1096 3617 1124 3674; x_wconf 75' lang='lat' dir='ltr'><strong>t.</strong></span> <span class='ocrx_word' id='word_1_240' title='bbox 1141 3643 1167 3656; x_wconf 93' lang='lat'><strong>·-</strong></span> 
     </span>
     <span class='ocr_line' id='line_1_34' title="bbox 242 3705 450 3775; baseline -0.014 -17"><span class='ocrx_word' id='word_1_241' title='bbox 242 3705 266 3775; x_wconf 73' lang='lat'><strong>⁸)</strong></span> <span class='ocrx_word' id='word_1_242' title='bbox 285 3706 346 3759; x_wconf 81' lang='lat' dir='ltr'><strong>rob.</strong></span> <span class='ocrx_word' id='word_1_243' title='bbox 382 3745 388 3770; x_wconf 87' lang='lat'>,</span> <span class='ocrx_word' id='word_1_244' title='bbox 408 3705 450 3758; x_wconf 78' lang='lat'><strong>17.</strong></span> 
     </span>
    </p>
   </div>
   <div class='ocr_carea' id='block_1_4' title="bbox 0 0 1238 4218">
    <p class='ocr_par' dir='ltr' id='par_1_7' title="bbox 0 0 1238 4218">
     <span class='ocr_line' id='line_1_35' title="bbox 0 0 1238 4218; baseline 0 0"><span class='ocrx_word' id='word_1_245' title='bbox 0 0 1238 4218; x_wconf 95' lang='lat' dir='ltr'><strong> </strong></span> 
     </span>
    </p>
   </div>
  </div>
 </body>
</html>
