2462 4220
594 257 738 324 ..¹196
779 295 820 308 ..-

191 422 328 492 tudinis
338 422 457 512 perdit.
480 422 618 490 Clavum
630 424 755 512 quippe
767 425 896 490 inmari
914 423 1068 492 amittere
1084 432 1137 488 est
1152 427 1198 490 in·

200 526 384 592 tentionem
393 522 565 610 providam
576 523 664 589 inter
672 523 837 610 proeellas
849 521 950 610 hujus
962 521 1201 592 seeulinonte

199 645 289 690 nere.
308 621 440 688 Sienim
450 623 652 708 gubernator
659 621 939 688 olavumsollioite
948 621 1199 704 stringit,motio

201 725 237 788 in
251 723 410 788 fluetibus
423 743 466 786 ex
481 722 621 798 adverso
635 743 752 786 navem
765 719 891 804 dirigit,
914 719 1007 784 modo
1024 730 1198 788 ventorum

202 824 346 907 impetus
358 843 417 908 per
427 819 597 907 obliquum
608 817 713 886 findit.
738 817 765 904 1)
794 819 848 886 Ita
862 840 934 884 oum
944 841 1037 882 mens
1052 819 1197 904 vigilan·

102 929 105 935 '
201 931 254 986 ter
264 921 516 1003 animamregit,
531 918 625 984 modo
640 917 709 982 alia
723 941 886 1004 superans
899 916 1126 998 ealeat‚modo
1136 920 1200 986 alia

201 1018 385 1107 providens
407 1017 562 1100 deelinat3
591 1025 630 1082 ut
651 1028 684 1082 et
705 1018 898 1104 praesentia
915 1015 1105 1083 laborando
1120 1018 1199 1084 snb·

196 1121 313 1207 jieiat,
337 1128 370 1182 et
393 1133 507 1183 contra
528 1118 643 1182 lutura
664 1119 848 1184 certamina
865 1115 1103 1202 prospiciendo
1125 1137 1200 1182 eon·

198 1217 359 1284 valescat.
399 1215 486 1284 Hine
507 1239 638 1282 rursum
660 1215 701 1282 de
722 1213 866 1282 fortibus
886 1237 1052 1300 supernae
1068 1218 1200 1301 patriae

200 1315 423 1383 bellatoribus
446 1316 579 1381 dieitur:
608 1315 967 1401 Uniuseujusque
989 1316 1112 1380 ensis
1140 1339 1199 1382 su-

199 1439 269 1502 per
300 1415 437 1480 femur
472 1437 583 1480 suum
615 1403 994 1500 proptertimores
1029 1422 1199 1480 noetur-

200 1529 283 1579 n'os.
307 1512 332 1594 ²)
376 1513 478 1578 Ensis
508 1514 595 1577 enirn
623 1535 722 1598 super
741 1512 848 1578 femur
874 1512 1027 1596 ponitur,
1061 1513 1200 1596 quando

192 1613 352 1679 -aeumine
375 1620 512 1677 sanetae
535 1611 794 1702 praedicationis
813 1629 920 1695 prava
934 1611 1109 1694 suggestio
1125 1634 1198 1676 oar·

199 1713 252 1777 nis
276 1709 455 1778 edomatur.
499 1710 564 1775 Per
585 1720 713 1776 noctem
737 1730 814 1777 vero
832 1709 977 1774 caecitas
994 1713 1196 1776 nostratem

191 1809 365 1876 -firmitatis
387 1810 598 1896 exprimitur3
628 1811 709 1896 quia
732 1807 896 1895 quidquid
917 1809 1135 1874 adversitatis
1165 1813 1198 1874 in

199 1919 296 1975 noete
326 1909 489 1992 imminet,
522 1931 589 1974 non
618 1908 759 1976 videtur.
810 1908 1089 1993 Uniuseujusque
1118 1932 1200 1994 ergo

200 2011 291 2075 ensis
325 2031 427 2092 super
458 2008 565 2074 femur
599 2031 695 2074 suum
725 2010 861 2094 ponitur
893 2018 1027 2094 propter
1060 2011 1199 2074 timores

195 2116 378 2176 nocturnos
399 2105 443 2193 3);
479 2107 560 2192 quia
593 2105 751 2174 videlieet
785 2107 894 2172 sensti
930 2107 1014 2187 viri,
1047 2105 1128 2172 dum
1160 2131 1199 2172 es

197 2217 285 2293 qnae
316 2229 383 2272 non
410 2205 525 2270 vident
553 2213 721 2287 metuunt,
747 2204 790 2270 ad
810 2205 1025 2273 intentionem
1042 2210 1197 2272 certami-

191 2307 250 2370 mis
272 2305 387 2392 parati
409 2325 538 2391 semper
560 2305 729 2370 assistunt.
749 2389 752 2396 Ι
772 2303 861 2368 Hine
886 2326 1016 2368 rursum
1046 2327 1197 2390 sponsae

196 2403 332 2470 dieitur:
367 2404 509 2470 Nasus
537 2415 632 2471 tuus
666 2403 780 2468 siout
809 2405 964 2484 turris,
995 2424 1105 2488 quae
1134 2416 1199 2471 est

195 2504 236 2569 in
257 2502 433 2571 Libano.
460 2500 488 2588 l)
535 2501 620 2566 Rem
648 2523 813 2587 namque,
852 2524 952 2588 quam
985 2501 1096 2570 oeulis
1128 2529 1199 2572 non

197 2604 382 2683 cernimus,
413 2601 609 2688 plerumque
639 2600 737 2664 odore
758 2600 1002 2684 praevidemus.
1047 2603 1117 2670 Per
1138 2627 1199 2670 na·

195 2723 269 2767 sum
292 2721 425 2786 quoque
447 2699 565 2766 odores
586 2698 796 2784 foetoresque
824 2700 1053 2768 discernimus.
1104 2701 1199 2782 Quid

195 2819 276 2881 ergo
299 2820 360 2883 per
380 2819 499 2862 nasum
520 2797 713 2878 Ecclesiae,
743 2799 809 2862 nisi
832 2798 1027 2866 Sanctorum
1048 2804 1198 2888 provida

191 2896 350 2962 diseretio
373 2897 591 2983 designatur?
623 2896 691 2977 Qui
712 2899 810 2964 etiarn
835 2900 920 2964 turri
943 2900 1078 2982 similis,
1106 2925 1199 2988 quse

191 3007 245 3062 est
266 2999 301 3060 in
321 2995 471 3080 Libano,
502 2998 639 3079 dicitur3
674 2999 754 3084 quia
777 2995 921 3064 discreta
944 3021 1055 3063 eorum
1079 3005 1197 3089 provi·

190 3093 308 3166 dentis
330 3095 378 3162 ita
399 3089 435 3160 in
457 3095 522 3161 alto
545 3097 608 3162 sita
629 3104 697 3178 est,
721 3105 758 3162 ut
771 3098 991 3162 tentationum
1006 3105 1199 3168 certamina

190 3205 237 3276 et,
259 3197 456 3281 priusquam
469 3195 613 3274 veniant,
635 3195 758 3276 videat,
780 3205 813 3259 et
835 3207 1016 3280 contrusa,
1040 3197 1122 3264 dum
1136 3224 1198 3266 ve·

188 3351 304 3370 W

229 3428 252 3496 ¹)
269 3428 334 3480 Alit.
352 3427 427 3480 modo
445 3428 529 3481 undas
546 3439 675 3497 superans
693 3429 790 3498 estest,
817 3431 892 3485 moto
907 3429 970 3486 ulia
995 3432 1126 3500 providus
1146 3435 1198 3487 de·

259 3515 355 3582 eltnat,
381 3514 457 3568 modo
475 3518 608 3568 santorum
631 3515 744 3584 impetus
765 3530 816 3584 per
838 3517 972 3586 obliquum
996 3516 1079 3570 findit.
1100 3547 1135 3560 -
1177 3521 1198 3584 ¹)

259 3599 380 3751 ἓᾚοξ,
398 3599 424 3656 tt
443 3599 739 3750 {cgltAinlpmpm
756 3603 910 3656 tentationes
936 3605 994 3660 sive
1012 3603 1121 3660 timores
1140 3621 1198 3658 no-

366 3723 373 3736 .
392 3715 424 3726 ⁸·-
549 3725 556 3738 .
592 3726 598 3754 ,
636 3725 643 3744 0
733 3759 735 3766 Ι
