2462 4220
487 262 776 331 ¹...e0-

158 430 328 516 neglexit,
350 429 509 522 aspiciat:
536 435 575 494 ut
597 429 674 494 dum
697 446 753 496 cor
775 449 818 494 ex
839 429 999 500 memoris
1020 427 1156 494 infirmi·

158 531 237 596 tetis
260 530 431 608 atteritur,
462 525 554 612 apud
574 525 774 592 humilitatis
797 534 965 591 auctorem
986 523 1155 592 robustius

156 631 192 694 in
214 628 336 694 virtute
359 625 528 691 solidetur.
574 625 665 706 Quia
688 635 722 690 et
737 625 934 712 plerumque
949 626 1155 711 omnipotens

157 727 254 794 Deus
276 727 583 792 idcirco·rectornm
604 733 750 806 mentes,
788 727 941 810 quemvis
971 747 1013 789 ex
1034 745 1155 809 magns

157 836 254 912 perte
277 821 423 911 perficit,
454 823 667 910 imperfectos
696 833 808 889 tomen
839 846 882 887 ex
905 845 1011 908 parve
1040 823 1154 910 eliqua

158 932 255 1009 perte
277 921 499 1010 derelinquit.
527 932 565 988 ut
587 945 662 988 enm
684 924 776 987 miris
799 923 980 988 virtutibus
1001 923 1154 1002 rutilant,

158 1021 418 1109 imperfectionis
441 1043 522 1088 sune
545 1021 655 1087 taedio
677 1021 871 1104 tabescant,
896 1031 1213 1124 etncqunquam
1212 1031 1213 1050 ¹

158 1143 194 1186 se
224 1120 265 1186 de
294 1121 425 1205 magnis
454 1121 602 1204 erigant,
632 1121 709 1186 duni
739 1120 848 1188 adhuc
876 1131 991 1186 contra
1019 1121 1155 1185 minimo

157 1221 341 1290 innitentes
354 1218 523 1301 laborent3
546 1220 604 1286 sed
617 1221 697 1307 quie
713 1231 861 1286 extrema
874 1241 940 1284 non
957 1217 1117 1284 valent
1085 1242 1153 1286 vrn-

157 1341 243 1400 cere‚
267 1318 308 1382 de
327 1319 516 1405 praecipuis
533 1321 665 1386 aeribus
681 1343 747 1386 non
761 1317 909 1384 audeant
924 1318 1114 1402 superbire.
1131 1317 1155 1405 ¹)
1212 1371 1213 1374 η

220 1419 307 1484 Ecce
330 1416 469 1482 bone
438 1441 506 1498 vir,
537 1417 808 1504 reprehensionis
836 1439 930 1482 mese
953 1419 1155 1486 necessitate
1211 1421 1213 1488 l

157 1515 365 1608 compulsus,
389 1515 467 1582 dum
488 1526 693 1600 monstrare,
717 1515 829 1604 qualis
851 1535 924 1582 esse
947 1514 1073 1580 debent
1092 1515 1153 1582 Ps-
1212 1555 1213 1558 κ

157 1624 226 1682 stor
247 1614 402 1698 invigilo,
423 1614 597 1700 pulchrum
620 1616 758 1702 depinxi
778 1614 941 1681 hominem
959 1616 1069 1700 pictor
1087 1615 1153 1680 foe·

158 1713 235 1795 dus3
258 1713 410 1799 aliosque
429 1712 473 1777 nd
489 1713 700 1800 perfeetionis
716 1716 809 1782 littus
822 1715 946 1799 dirigo,
971 1737 1028 1801 qur
1020 1713 1154 1784 adhue
1211 1687 1213 1732 l

156 1813 193 1878 in
213 1811 408 1878 delictorum
431 1811 588 1879 fluctibus
607 1836 733 1878 versor.
771 1813 838 1880 Sed
851 1815 885 1880 in
910 1815 1011 1901 hujus
1026 1835 1152 1900 quaeso

157 1911 247 1976 vitoe
276 1911 456 1995 naufragio
484 1913 644 1976 orationis
670 1922 749 1978 tuse
780 1935 831 1978 roe
860 1911 981 1980 tabula
1012 1915 1150 1995 sustine,

155 2018 200 2077 ut
217 2008 297 2096 qnia
318 2009 450 2095 pondus
472 2012 641 2096 proprium
663 2011 818 2098 deprimit
825 2061 835 2093 ,
868 2013 918 2076 tui
946 2013 1056 2078 meriti
1085 2035 1150 2078 ms·

156 2130 220 2175 nus
241 2129 292 2172 me
313 2108 411 2174 levet.

157 2263 443 2274 uuum-⁴110*-

189 2353 209 2414 ¹)
229 2349 308 2402 Verbi
327 2347 368 2400 dei
387 2350 557 2416 praedicatori
584 2351 696 2403 maximo
722 2351 869 2404 necessario
894 2351 1052 2406 humititatis
1072 2355 1153 2405 virtus

223 2437 271 2486 est.
307 2435 397 2498 „Deus
415 2433 485 2498 iilis,
512 2435 549 2487 nit
568 2434 594 2487 S.
614 2436 721 2506 Gregor.
745 2437 771 2488 in
790 2438 888 2504 Expos.
912 2453 991 2505 super
1016 2437 1093 2490 Geni.
1111 2453 1152 2490 rs·

223 2522 338 2586 spectum
357 2533 422 2570 suso
448 2520 625 2574 miserationis
652 2521 757 2589 tribuit,
782 2537 850 2590 quos
869 2523 896 2577 in
924 2523 1072 2576 hurniliteie
1093 2537 1152 2592 pcr-

222 2605 315 2656 sistere
333 2607 475 2672 cognoscit.
511 2605 551 2658 Do
569 2623 620 2674 quo
639 2622 684 2675 per
702 2609 865 2675 psnlrnistsnr
885 2608 995 2660 dicitur:
1022 2608 1151 2662 Excol-

221 2689 1151 2760 susdominns,elhnrniliurespicit‚etnltnslonge
1209 2707 1210 2718 ¹

221 2776 412 2840 cognoscit.
442 2777 485 2828 Ps.
504 2776 568 2843 137,
587 2777 611 2832 6.
648 2780 681 2830 Et
699 2779 756 2847 ipse
775 2779 893 2830 dominns
914 2794 958 2846 per
984 2780 1150 2847 sornetipsunr

221 2870 254 2908 ex
273 2873 335 2911 voce
353 2861 493 2928 prophetoe
511 2861 587 2917 dicit:
614 2865 724 2931 Super
743 2878 838 2930 quoni
858 2865 1058 2930 requiescit
1076 2864 1150 2933 Spi-

218 2945 312 2996 ritus
339 2954 446 3013 mous,
473 2948 543 3000 nisi
571 2964 676 3016 super
698 2949 1100 3016 humilemetquietnrn
1119 2950 1150 3000 ot

219 3033 421 3084 trementem
440 3045 613 3088 sermones
631 3035 739 3087 rneosi
765 3035 827 3086 Issi.
849 3034 890 3099 66,
908 3034 933 3090 2.
953 3061 986 3074 -
1005 3035 1039 3086 Et
1055 3033 1147 3088 homil.

155 3139 162 3150 ·
218 3114 243 3168 7.
270 3130 350 3185 super
380 3119 508 3186 Ersngd.
540 3119 622 3186 „Cum
650 3119 717 3172 benc
743 3121 861 3186 egimus,
889 3121 975 3190 inquit
999 3119 1025 3172 S.
1044 3121 1150 3188 Gregor,

218 3213 320 3270 semper
347 3203 381 3254 sd
409 3205 556 3282 mffinorism
585 3205 653 3256 rnsle
681 3215 740 3258 scta
757 3219 921 3260 revocemus:
950 3211 978 3258 ut
996 3207 1057 3260 dum
1075 3211 1149 3260 esrte
1207 3225 1208 3228 ¹

217 3286 295 3354 culpo
319 3287 488 3356 conspicitur,
516 3305 647 3358 nunquam
676 3293 706 3343 de
733 3291 797 3344 bono
827 3305 903 3362 opere
922 3291 1026 3346 incente
1044 3293 1149 3346 enimus

215 3370 334 3428 laetetur.
366 3399 369 3422 i

491 3556 803 3636 -m-'ceeinssfflrnw
