2486 4222
471 237 674 302 ..27-

70 416 273 490 exasperat,
312 405 391 490 quia
419 425 479 490 per
506 406 668 470 universa
700 405 784 470 vitia
812 403 958 470 animum
993 427 1072 493 sup·

68 501 222 589 plantat,
247 502 355 581 Fanlo
368 512 561 586 attestante,
586 504 642 589 qui
658 503 718 568 ait:
741 501 879 582 Radix
897 506 1072 572 omnium

68 600 279 668 malorum
294 611 358 667 est
376 603 600 690 cupiditas.
618 599 643 689 ¹)
666 600 1070 688 Ponderosus²)veroest,

70 702 131 786 qui
153 701 395 788 turpitudinem
415 725 484 766 non
506 711 641 767 exercet
663 723 781 789 opere,
813 700 873 768 sed
894 713 1006 770 tamen
1027 702 1071 770 ab

68 798 136 866 hae
158 801 360 887 cogitatione
386 803 545 876 continua
568 802 638 867 sine
660 800 885 868 moderamine
908 811 1071 890 gravatur

66 901 104 966 in
127 911 253 968 mente:
287 903 346 989 qui
374 922 588 992 nequaquam
621 901 755 995 quidem
784 925 893 990 usque
920 903 964 968 ad
986 923 1070 991 opus

67 1001 237 1068 nefarium
258 1004 405 1090 rapitur,
436 1003 495 1068 sed
516 1005 589 1092 ejus
617 1005 747 1068 animus
769 1001 944 1090 voluptate
969 1000 1068 1068 luxu·

68 1103 144 1166 riae
171 1105 243 1168 sine
273 1102 342 1168 ulle
373 1105 629 1189 repugnatiopis
656 1101 791 1168 stimulo
815 1099 842 1190 3)
873 1099 1070 1168 delectatur.

68 1203 200 1268 Vitium
229 1203 355 1291 quippe
384 1213 434 1268 est
463 1201 640 1288 ponderis,
671 1225 745 1268 oum
765 1203 883 1268 humor
905 1202 1071 1266 viseerum

69 1301 113 1366 ad
134 1301 247 1366 virilia
270 1301 411 1385 labitur,
447 1325 534 1389 quae
562 1303 711 1390 profecto
740 1326 813 1368 eum
839 1300 993 1368 molestia
1016 1299 1071 1366 de·

69 1400 201 1466 decoris
223 1401 455 1468 intumescunt.
499 1401 711 1470 Ponderosus
733 1424 812 1488 ergo
836 1413 907 1485 est,
941 1401 1000 1488 qui
1020 1410 1069 1467 to·

68 1501 113 1564 tis
137 1500 396 1584 cogitationibus
411 1501 453 1565 ad
468 1501 642 1566 lasciviam
664 1501 826 1584 defluens,
848 1501 980 1588 pondus
1000 1510 1071 1566 tur·

67 1599 235 1686 pitudinis
264 1611 378 1684 gestat
403 1601 437 1665 in
467 1599 590 1684 corde3
625 1611 658 1666 et
686 1601 841 1689 quamvis
870 1621 976 1687 prava
1005 1621 1072 1666 non

67 1709 227 1764 exerceat
250 1722 368 1785 opere,
397 1701 440 1764 ab
464 1699 517 1764 his
542 1712 654 1766 tamen
675 1724 740 1766 non
760 1699 921 1766 evellitur
949 1709 1072 1770 mente.

68 1798 140 1864 Neo
163 1798 206 1863 ad
228 1820 323 1864 usum
344 1801 423 1866 boni
447 1800 557 1886 operis
580 1801 615 1864 in
637 1811 751 1888 aperto
774 1799 866 1865 valet
879 1819 1071 1884 assurgere,
1112 1844 1115 1849 -

67 1900 151 1984 quia
178 1909 298 1985 gravat
328 1899 416 1966 huno
446 1899 481 1965 in
509 1899 632 1964 abditis
661 1897 793 1986 pondus
815 1911 924 1986 turpe.
970 1899 1071 1978 Quis·

68 2001 147 2084 quis
169 2019 248 2084 ergo
273 1999 424 2085 quolibet
438 1999 558 2064 horum
576 2001 657 2064 vitio
672 1999 856 2082 subigitur,
880 2019 986 2084 panes
999 1997 1072 2065 Do·

67 2100 160 2162 mino
182 2098 300 2164 offerre
324 2096 531 2183 prohibetur,
560 2120 603 2162 ne
632 2098 779 2184 profecto
809 2095 934 2164 diluere
956 2097 1070 2164 aliena

68 2196 190 2262 delicta
217 2219 282 2264 non
314 2197 429 2262 valeat
452 2199 497 2280 is,
535 2219 633 2283 quem
664 2195 773 2261 adhue
807 2197 944 2283 propria
966 2195 1069 2262 deva·

69 2306 171 2362 stant.
231 2297 319 2378 Quia
354 2297 457 2381 igitur
486 2299 604 2384 paucis
643 2296 686 2361 ad
715 2295 884 2384 pastorale
912 2295 1069 2380 magiste-

67 2399 155 2462 rium
186 2395 306 2484 dignus
337 2397 482 2482 qualiter
511 2399 643 2478 veniat,
679 2405 781 2483 atque
815 2395 878 2462 hoo
909 2394 1069 2482 indignus

68 2495 214 2583 qualiter
242 2498 471 2582 pertimescat,
504 2495 722 2562 ostendimus:
750 2519 842 2562 nuno
862 2498 913 2572 is,
947 2497 1004 2579 qui
1026 2493 1071 2560 ad

67 2595 153 2660 illud
176 2594 276 2678 digne
298 2598 506 2682 pervenerit,
530 2599 564 2660 in
583 2619 622 2663 eo
641 2597 790 2684 qualiter
802 2597 916 2661 vivere
935 2593 1069 2677 debeat,

69 2694 343 2764 demonstremus.

103 2909 126 2969 ¹)
157 2906 181 2959 1.
199 2903 265 2960 Tim.
283 2905 307 2972 6,
326 2905 367 2960 10.
388 2933 420 2943 -
448 2904 602 2972 ²)Vulgata
619 2903 697 2957 habet
718 2903 920 2956 herniosus
939 2933 971 2942 -
997 2901 1071 2956 Nllril

156 2991 255 3043 humile
274 2991 448 3060 patiturDeus
463 2991 491 3042 in
509 2990 675 3056 servissem,
693 2989 838 3057 nihilquod
853 2989 1070 3044 extenuetideam

157 3077 303 3146 majestatis
322 3091 386 3130 suae
411 3077 516 3130 attenti
534 3076 679 3132 ministerii.
714 3076 747 3130 In
764 3077 844 3128 veteri
872 3076 932 3143 lege
950 3073 1070 3128 meoniae

156 3162 241 3230 potius
258 3161 374 3229 corporis
400 3157 555 3212 arcebanta
577 3177 652 3217 sacro
676 3161 836 3230 ministerio,
863 3162 891 3214 iu
914 3173 1069 3214 novavere

155 3246 214 3312 lege
232 3248 320 3315 potius
346 3247 378 3300 ad
404 3245 506 3298 animae
531 3245 650 3300 maculas
675 3245 829 3314 attenditur,
855 3245 1069 3315 quemadmodum

155 3331 218 3384 illes
236 3345 257 3384 s.
277 3331 384 3398 Gregor.
403 3332 436 3383 ad
454 3345 559 3387 sessum
576 3332 699 3388 moralem
717 3331 833 3402 perbelle
850 3333 895 3386 hio
908 3331 1021 3400 exponit.
1038 3359 1066 3372 -

157 3416 176 3478 ³)
196 3417 259 3470 Alit.
278 3418 420 3471 obstaculo.

428 3586 712 3609 Μ
