2486 4222
519 239 724 321 ..58-

120 407 275 492 dcclcsia
297 407 630 509 ardaiidoircupieci‘i3
654 423 733 510 q‘uia
756 413 968 487 adulterinae
991 423 1122 508 cogita-

119 524 221 590 tionis
247 544 326 588 reus
348 525 416 602 est,
442 521 471 586 si
491 520 626 602 placere
652 526 736 602 puer
767 529 909 606 sponsae
932 519 1034 586 oculis
1056 545 1119 610 ap-

119 619 220 710 petit,
253 644 314 710 per
337 627 435 706 quem
458 641 598 706 sponsus
621 615 709 684 dona
737 619 932 684 transmisit.
976 619 1045 702 Qui
1065 621 1120 686 ni-

119 723 239 788 mirum
261 731 354 784 amor
375 719 540 806 proprius,
564 741 638 784 cum
653 720 792 784 rectoris
814 727 957 784 mentem
979 721 1119 807 ceperit,

120 817 301 908 aliquando
322 817 409 884 hane
438 817 626 885 inordinate
649 817 693 884 ad
715 817 904 901 mollitiem,
935 816 1120 906 aliquando

119 943 198 984 vero
227 919 270 985 ad
300 916 511 1007 asperitatem
541 919 641 1006 rapit.
684 919 739 984 Ex
769 939 881 984 amore
911 921 1034 984 etenim
1057 943 1120 986 suo

120 1042 213 1085 mens
235 1019 373 1085 rectoris
396 1020 432 1084 in'
460 1017 627 1085 mollitiem
651 1010 812 1102 vertitur,
844 1019 923 1104 qnia
946 1043 1018 1084 eum
1041 1040 1120 1107 pec-

120 1123 235 1186 cantes
259 1115 407 1184 subditos
429 1119 577 1205 respicit,
602 1105 961 1204 neergahunceorum
985 1118 1120 1186 dilectio

118 1227 260 1306 torpeat,
284 1217 453 1305 corripere
472 1240 540 1284 non
552 1219 754 1304 praesumit3
776 1226 1018 1305 nonnunquam
1039 1241 1121 1286 vero

122 1314 234 1382 errata
257 1315 586 1403 subditorum,.quae
609 1317 975 1404 inereparedebuerat,
1000 1317 1119 1384 adula-

121 1416 268 1483 tionibus
298 1414 473 1480 demulcet.
518 1413 616 1482 Unde
647 1415 732 1482 bene
762 1427 823 1500 pe'r‘
845 1413 1039 1505 prophetam
1068 1405 1120 1482 di-

122 1519 226 1582 oitur:
256 1517 342 1580 Vae
363 1513 449 1599 his,
479 1517 551 1604 qui
574 1527 783 1583 consuunt
805 1517 1014 1603 pulvillos
1040 1517 1118 1584 sub

122 1616 228 1682 omni
251 1614 395 1682 cubito
424 1639 584 1698 manus,
617 1627 655 1683 et
682 1615 850 1682 faciunt
876 1616 1120 1684 cervicalia

123 1715 196 1781 sub
227 1715 367 1804 capite
397 1716 632 1782 universae
667 1717 833 1783 aetatis
869 1714 920 1784 ad
949 1717 1119 1804 capien-

122 1817 196 1880 das
220 1815 393 1881 animas.
408 1815 433 1902 ¹)
476 1804 641 1882 Pulvillus
664 1817 788 1903 quippe
812 1816 874 1882 sub
896 1819 984 1882 omni
1006 1817 1119 1884 cubito

122 1937 242 1980 manus
263 1937 400 2000 ponere,
424 1913 473 1980 est
488 1913 643 1980 cadentes
656 1939 676 1980 a
698 1939 759 1981 sua
770 1916 966 1982 rectitudine
977 1919 1119 2002 animas,

122 2025 225 2100 atque
253 2016 290 2101 in
315 2010 416 2104 hujus
438 2015 552 2080 mundi
575 2037 610 2079 se
631 2015 850 2083 delectatione
861 2014 887 2102 ²)
907 2017 1119 2102 reclinantes,

122 2110 250 2180 blanda
279 2111 472 2182 adulatione
505 2113 668 2180 refovere.
721 2117 829 2198 Quasi
861 2119 947 2182 enim
976 2115 1120 2204 pulvillo

123 2215 279 2298 cubitus,
310 2214 362 2278 vel
385 2212 608 2280 cervicalibus
640 2224 741 2300 caput
765 2218 909 2304 jacentis
942 2219 1120 2304 excipitur,

122 2337 197 2381 cum
219 2315 439 2402 correptionis
461 2315 586 2380 duritia
607 2317 760 2402 peccanti
782 2314 1000 2402 subtrahitur,
1023 2319 1122 2404 eique

124 2413 280 2482 mollities
301 2411 429 2480 favoris
452 2412 642 2498 adhibetur,
664 2425 701 2481 ut
720 2418 756 2480 in
770 2438 883 2482 errore
905 2417 1046 2483 molliter
1063 2420 1122 2506 ja-

123 2523 214 2596 ceat,
247 2533 346 2601 quem
373 2513 465 2578 nulla
494 2516 662 2600 asperitas
695 2517 963 2584 contradictionis
995 2517 1121 2606 pulsat.

124 2611 191 2678 Sed
211 2612 296 2676 haec
317 2619 473 2697 rectores,
497 2616 555 2702 qui
571 2615 763 2701 semetipsos
787 2613 942 2701 diligunt,
966 2617 1018 2683 his
1041 2641 1119 2706 pro·

123 2711 178 2778 cul
208 2709 310 2778 dubio
340 2712 515 2798 exhibent,
548 2736 569 2778 a
602 2711 725 2800 quibus
757 2737 792 2780 se
821 2717 935 2782 noceri
962 2718 1121 2802 possein

125 2809 234 2877 studio
255 2812 384 2896 gloriae
397 2813 586 2902 temporalis
597 2813 723 2878 timent.
767 2813 853 2880 Nam
876 2838 960 2902 quos
981 2815 1122 2882 nilcon·

123 2901 177 2976 ira
204 2930 241 3004 se
264 2903 379 2978 valere
409 2911 634 2995 conspiciunt,
663 2911 724 2980 hos
754 2907 908 2979 nimirum
937 2918 1120 3004 asperitate
1147 2947 1150 2952 ·

122 3007 255 3098 rigidae
278 3033 407 3095 semper
428 3012 626 3078 invectionis
649 3024 827 3100 premunt,
849 3027 1031 3102 numquam
1053 3015 1120 3082 cle-

123 3119 253 3178 menter
275 3111 464 3193 admonent,
489 3105 548 3176 sed
570 3111 752 3200 pastoralis
774 3116 1038 3184 mansuetudinis
1059 3115 1121 3185 ob-

122 3212 187 3294 liti,
205 3213 285 3300 jure
307 3205 541 3278 dominationis
558 3221 695 3278 terrent.
738 3211 832 3293 'Quos
855 3225 953 3294 recte¹
965 3239 1026 3304 per
1047 3227 1123 3305 pro·

121 3311 258 3400 phetam
281 3311 397 3376 divina
428 3333 495 3400 uox
516 3313 685 3400 increpat,
717 3307 846 3381 dicens:
878 3311 958 3382 Vos
981 3326 1120 3383 autem

124 3403 214 3478 cum
246 3412 512 3476 austeritate
542 3407 834 3495 imperabatis
865 3416 927 3482 eis
956 3424 999 3482 et
1030 3427 1119 3485 cum

123 3509 324 3598 potentia.
341 3509 367 3594 3)
409 3500 489 3579 Plus
517 3515 663 3581 enimse
685 3532 745 3582 suo
774 3525 910 3585 auctore
937 3511 1119 3604 diligentes

158 3711 178 3781 ι)
194 3713 286 3768 saer.
309 3713 350 3786 13,
366 3715 462 3774 sex-
482 3703 506 3787 ι’)
523 3717 588 3774 snt.
604 3711 750 3776 ‘dilutione
770 3748 803 3762 -
821 3703 842 3789 ⁸)
853 3700 954 3780 ntea
971 3707 1058 3794 act.
