2486 4222
601 244 807 340 ..447-

202 411 360 489 socialem
381 410 589 499 Angelorum
618 412 723 478 vitam
745 410 935 504 despiciens
957 413 1020 477 ait:
1047 411 1210 476 Ponam

87 524 89 528 ’
201 515 338 582 sedem
366 535 490 580 meam
512 511 564 578 ad
584 511 849 598 Aquilonem,
880 519 920 576 et
950 517 1019 578 ero
1041 509 1209 576 similis

196 613 433 680 Altissimo.
452 607 477 697 ¹)
522 609 609 678 Miro
633 633 713 695 ergo
732 610 965 698 judieiointus
986 611 1123 676 foveam
1146 607 1208 673 de-

142 719 143 724 ’
195 713 355 802 jeetionis
376 712 515 794 invenit,
541 710 617 776 dum
638 709 722 776 foris
744 734 780 776 se
802 711 837 776 in
855 709 1000 776 eulmine
1022 712 1209 797 potestatis

202 811 340 880 extollit.
382 812 568 899 Apostatae
596 813 721 898 quippe
742 809 874 894 Angelo
902 810 1020 876 similis
1042 809 1206 892 efficitur,

133 965 135 972 Α
202 912 280 979 dum
301 911 395 979 homo
416 910 605 977 hominibus
638 932 722 976 esse⁴
741 911 858 975 similis
888 909 1099 995 dedignatur.
1149 907 1207 974 Sio

204 1010 285 1081 Saul
306 1021 381 1097 post
402 1009 603 1076 humilitatis
617 1012 769 1076 meritum
791 1011 827 1075 in
838 1025 995 1076 tumorem
1017 1008 1205 1094 superbiae

197 1112 342 1180 eulmine
364 1112 540 1199 potestatis
563 1111 727 1176 exerevit:
750 1133 811 1199 per
830 1110 1050 1178 humilitatem
1072 1110 1203 1198 quippe

198 1213 374 1300 praelatus
397 1220 465 1294 est,
499 1233 560 1300 per
588 1209 780 1296 superbiam
809 1209 1024 1298 reprobatus,
1051 1207 1203 1275 Domino

199 1323 392 1394 attestante,
415 1313 551 1400 quiaits
574 1311 717 1376 Nonne
740 1332 964 1375 cumesses
988 1306 1202 1396 parvulus

198 1414 238 1478 in
261 1411 402 1478 oeulis
425 1412 530 1494 tuis,
553 1421 680 1500 eaput
701 1420 738 1476 te
767 1411 971 1476 constitui
997 1409 1041 1473 in
1062 1407 1201 1473 tribu-

198 1513 275 1576 bus
297 1511 462 1576 Israel?
477 1511 504 1597 ²)
548 1511 732 1578 Parvulum
766 1533 801 1576 se
824 1511 859 1573 in
883 1509 951 1574 suis
973 1509 1066 1597 prius
1089 1507 1200 1572 oeulis

197 1610 342 1692 viderat,
366 1610 424 1676 sed
446 1609 552 1676 fultus
580 1608 757 1698 temporali
785 1611 936 1696 potentia
959 1612 1033 1698 jum
1060 1629 1094 1672 so
1119 1630 1199 1694 par-

197 1709 310 1774 vulum
338 1732 406 1776 non
435 1708 581 1775 videbat.
625 1708 820 1774 Ceterorum
851 1730 996 1794 namque
1023 1729 1199 1794 compara·
1236 1781 1237 1786 η

196 1809 280 1874 tioni
303 1832 338 1874 se
361 1810 567 1896 praeferens,
594 1810 674 1895 quia
696 1808 771 1894 plus
796 1810 923 1874 cunctis
937 1818 1077 1894 poterat,
1100 1829 1197 1891 mag-

196 1931 275 1974 num
298 1931 333 1974 se
355 1932 438 1997 prae
452 1910 605 1976 omnibus
617 1908 824 1974 aestimabat.
868 1908 954 1986 Miro
967 1917 1078 1973 autem
1095 1907 1196 1972 modo

193 2029 269 2072 oum
292 2007 384 2096 apud
406 2031 441 2074 se
471 2007 650 2095 parvulus,
684 2006 774 2096 apud
795 2007 905 2072 Deum
927 2029 1083 2092 magnum
1118 2030 1196 2073 oum

194 2129 273 2174 vero
296 2107 387 2194 apud
399 2131 434 2172 se
448 2129 590 2192 magnus
606 2108 775 2194 apparuit,
799 2106 890 2194 apud
903 2107 1013 2172 Deum
1028 2105 1194 2193 parvulus
1235 2165 1236 2198 q

192 2207 267 2272 fuit.
310 2207 516 2292 Plerumque
538 2228 618 2290 ergo
641 2205 718 2271 dum
740 2228 782 2271 ex
801 2205 1029 2293 subjectorum
1050 2203 1193 2272 affluen-
1235 2199 1236 2212 ¹

193 2309 242 2370 tia
263 2307 394 2372 animus
415 2305 565 2389 inflatur,
587 2308 625 2372 in
645 2306 773 2372 fluxum
792 2305 818 2394 3)
842 2304 1022 2394 superbiae
1037 2309 1109 2392 ipso
1134 2329 1192 2394 po·

192 2406 318 2473 tentiae
347 2406 483 2492 fastigio
518 2406 728 2472 lenocinante
765 2409 993 2492 corrumpitur.
1006 2405 1034 2490 q)
1078 2403 1191 2486 Quam

195 2567 492 2580 *m

219 2655 239 2723 ¹)
257 2656 321 2708 Issi.
342 2656 382 2721 1o,
402 2655 442 2708 13.
467 2685 498 2694 -
519 2655 540 2723 ²)
559 2655 581 2708 1.
601 2654 665 2720 Reg.
685 2653 725 2717 15,
747 2656 788 2708 17,
813 2681 842 2692 —-
864 2653 884 2722 ³)
903 2655 966 2708 Alit
983 2654 1085 2706 luxum.

216 2753 238 2824 ⁴)
256 2755 398 2825 Superbiae
416 2759 566 2828 hujusmodi
592 2757 778 2824 deplorandum
803 2758 949 2826 exemplum
968 2757 1088 2827 praebuit
1103 2757 1188 2810 losu-

259 2857 311 2897 nes
322 2841 466 2913 Jojnnstor,
484 2843 625 2912 episeopus
634 2842 1013 2913 Constantinopolitanuquui
1031 2844 1082 2898 sibi
1100 2844 1187 2898 ambi·

259 2929 353 2984 tlosum
373 2929 593 2984 universalis
619 2931 793 3000 Episcopi
811 2931 914 2984 titulum
932 2946 1061 2998 usurpare
1079 2936 1188 2984 conatus

257 3020 306 3074 est.
341 3015 406 3086 Ejus
433 3016 584 3086 hypocrisin
609 3014 636 3068 S.
654 3014 775 3071 Pontifex
799 3017 915 3086 depingit
941 3016 1006 3072 libro
1025 3020 1057 3070 V.
1084 3032 1124 3086 ep.
1144 3016 1187 3069 20.

257 3099 321 3169 (elit.
341 3101 387 3156 lib.
405 3102 455 3154 111.
475 3115 515 3170 ep.
534 3101 588 3170 32.)
611 3104 645 3155 ad
664 3103 1000 3172 Mauricium'llngnslnm:
1027 3103 1116 3172 „Quid
1135 3119 1186 3156 su·

257 3194 307 3240 tem
325 3186 420 3240 dicturi
440 3200 546 3252 snmus,
565 3188 610 3254 ait,
630 3189 676 3256 qui
697 3188 819 3258 populum
839 3190 901 3254 Dei,
920 3191 962 3242 cni
982 3191 1088 3257 indigne
1106 3203 1186 3258 pree-

256 3286 355 3338 sumns,
380 3277 544 3341 peccatorum
563 3279 707 3327 nostrorum
726 3274 848 3328 oneribus
866 3274 1027 3346 premimus?
1055 3275 1098 3344 qui
1116 3277 1187 3343 quod

255 3373 301 3428 per
317 3355 436 3426 linguam
454 3357 652 3428 praedicamus,
672 3375 717 3428 per
735 3361 855 3429 exempla
873 3363 1047 3415 destruimus:
1067 3362 1113 3428 qui
1131 3362 1185 3414 ini·

255 3459 308 3513 qus
325 3443 446 3497 docemus
464 3443 593 3514 operibus,
612 3453 638 3500 et
657 3447 715 3500 sols
726 3463 788 3500 vooe
806 3461 838 3499 ea
856 3462 924 3514 qnae
936 3453 998 3500 sunt
1011 3447 1086 3518 justa
1103 3461 1184 3516 prae-

253 3529 404 3582 tendimus?
430 3529 500 3586 Ossa
515 3531 626 3602 jejuniis
635 3537 789 3600 atteruntur,
808 3540 833 3585 et
844 3540 927 3586 mente
936 3542 1079 3602 turgemus.
1115 3533 1184 3586 Cor·

246 3607 305 3687 ¹pus
322 3615 451 3683 despeotis
473 3613 590 3671 vestibus
616 3619 733 3693 tegitur„
755 3621 781 3672 et
798 3618 911 3672 elutione
937 3621 1023 3674 sordis
1040 3635 1185 3690 purpursm

255 3712 418 3767 superamus.
453 3702 576 3757 Ineemns
594 3704 621 3760 iu
632 3705 728 3770 einero,
746 3709 771 3758 et
788 3704 894 3760 excelsa
906 3705 1073 3776 despicimus.
1110 3707 1185 3762 Doe-
