2468 4218
489 263 529 316 a·
571 251 633 330 too
675 290 712 320 s.-

361 469 364 480 ·
414 434 648 501 CAPUT
691 436 773 502 XII.

132 554 307 636 Quomodo
335 560 550 622 adrnonondi
576 573 655 621 sunt
679 570 929 626 inc-olnmes'at
947 575 1054 642 aegri.
1076 573 1082 585 '

163 703 269 768 Aliter
297 705 496 772 admonendi
528 718 606 772 sunt
632 705 825 798 incolumes„
859 718 960 798 atque
991 711 1089 789 aliter

91 804 201 888 aegri.
245 802 454 871 Admonendi
476 814 553 868 sunt
575 803 771 888 incolumes,
796 817 832 872 ut
854 809 994 876 salutem
1018 835 1087 878 core

93 901 191 986 poris
213 909 411 966 excerceant
433 900 476 966 ad
498 902 639 970 salutem
661 907 798 988 mentis,
819 929 861 970 ne
884 911 912 972 si
933 921 1088 996 acceptae

90 999 334 1088 incolumitatis
356 1002 499 1084 gratiam
527 1001 571 1066 ad
600 1023 696 1066 usum
724 1005 894 1088 nequitiae
917 1007 1092 1092 inclinent,

94 1101 184 1164 dono
214 1101 269 1166 det
256 1101 394 1166 teriores
423 1101 525 1182 fiant,
561 1111 593 1164 et
621 1123 659 1166 eo
688 1103 893 1190 postmodum
923 1109 1089 1196 supplicia

91 1199 255 1285 graviora
276 1210 564 1300 momentumque
585 1220 674 1266 nuno
686 1199 887 1288 largioribus
909 1203 1003 1278 bonis
1022 1207 1089 1293 Dei

92 1297 242 1362 malet
206 1286 341 1364 utinon
363 1311 428 1366 met
431 1312 522 1364 uunt.
501 1298 773 1366 tAdmonendi
796 1314 874 1368 sunt
892 1305 1087 1392 incolumes,
1141 1333 1145 1343 ·

91 1420 138 1462 ne
162 1399 444 1483 opportunitatem
461 1398 575 1466 salutis
589 1403 832 1486 inperpetuum
849 1408 1087 1491 promerendae

90 1497 293 1583 despiciant.
342 1495 508 1582 Scriptum
535 1521 678 1586 canique
718 1512 785 1566 est:
830 1505 936 1570 Ecce
968 1529 1088 1574 nnnc

91 1606 256 1680 tempus
286 1597 575 1684 acceptabile,
606 1619 700 1686 ecce
731 1623 839 1670 nunc
866 1599 955 1668 dies
979 1605 1085 1670 salu·

90 1693 200 1778 tis.¹)
245 1695 453 1760 Adnronendi
482 1708 576 1778 sunt,
609 1721 651 1762 nc
679 1699 809 1785 placere
837 1701 912 1766 Deo
942 1704 987 1784 si,
1014 1696 1086 1770 cum

88 1807 246 1885 possunt,
270 1793 460 1880 noluerint,
480 1819 555 1862 cum
577 1798 745 1864 voluerint
732 1807 841 1866 sero
860 1823 927 1868 non
948 1807 1086 1890 possint

87 1897 253 1961 Hinct
204 1905 253 1959 est
265 1897 363 1978 enirn,
388 1896 476 1982 quod
499 1908 643 1981 eospost
658 1900 789 1984 sapient
792 1901 824 1964 ia
776 1899 980 1982 tdeserit,
1004 1927 1088 1990 quos

88 1997 187 2082 prius
210 1995 290 2060 dint
268 2007 333 2060 trus
363 2005 540 2060 renuentes
563 1999 714 2078 vocavit,
684 1999 877 2064 tdiecns:
910 2002 1085 2086 Vocari,

90 2104 137 2160 et
158 2095 377 2176 renuistis,
407 2095 577 2160 extendi
599 2117 754 2160 manum
775 2120 923 2179 meam,
947 2110 987 2163 et
1008 2115 1086 2170 non

89 2195 195 2275 fuit,
221 2197 289 2282 qui
311 2195 541 2282 aspiceret:
570 2193 834 2280 despexistis
859 2219 970 2264 omne
993 2223 1085 2265 oon-

89 2293 236 2359 silium
267 2317 412 2376 rreum,
450 2304 489 2358 et
515 2296 846 2380 increpationes
879 2320 992 2364 meas
1020 2323 1085 2364 ue-

88 2395 320 2481 glenistis:
350 2418 422 2480 ego
453 2415 621 2484 quoqne
651 2395 693 2458 in
721 2387 1084 2474 interiturestro

86 2491 256 2576 ridebo,
290 2508 329 2560 et
359 2494 657 2574 subsannabo,
692 2495 1085 2584 cum1vobis,quod

88 2593 324 2678 timebatis,
349 2593 613 2679 advenerit.²)
658 2595 703 2658 Et
726 2617 872 2658 rursum:
895 2595 1083 2678 Tune'in·

89 2693 305 2760 vocabunt
327 2717 400 2775 me,
425 2704 463 2758 et
485 2718 568 2760 non
591 2682 827 2775 exaudiann
857 2715 974 2760 mane
997 2719 1083 2764 eon·

85 2803 281 2879 surgent,
307 2806 345 2858 et
366 2817 441 2860 non
464 2794 679 2858 invenient
699 2789 804 2876 mest)
829 2791 1082 2886 .Salus,itaquc

88 2896 242 2980 corporis
266 2895 398 2980 quando
422 2892 465 2956 ad
488 2893 572 2958 bene
596 2890 800 2980 operandum
816 2904 952 2982 accepta
974 2897 1082 2987 despi-

88 2997 194 3077 citur,
223 2996 341 3081 quanti
363 2994 406 3060 sit
428 2995 591 3082 muneris,
621 2994 742 3058 amissa
773 2995 922 3058 sentitur.
965 2995 1010 3062 Ει
1031 2999 1081 3062 in-

86 3095 261 3159 fructuose
284 3093 327 3156 ad
349 3092 499 3158 ultimum
524 3093 709 3182 quaeritur,
733 3113 818 3178 quae
840 3115 983 3188 congruo
1006 3118 1080 3162 oon·

88 3215 188 3260 cessa
210 3201 356 3278 tempore
370 3191 499 3256 utiliter
512 3213 586 3257 =non
599 3193 752 3259 babetur.
795 3191 893 3256 Unde
915 3192 1000 3258 bene
1023 3217 1082 3282 per

86 3291 300 3358 Salomonem
327 3313 459 3356 rursum
481 3292 615 3385 ¹dicitur:
644 3293 801 3356 Ne‘des
833 3289 989 3356 alienis
1017 3293 1080 3360 ho·

86 3413 226 3458 norem
248 3403 374 3473 tuum,
398 3401 688 3456 etannostuos
706 3389 881 3470 crudeli;
902 3389 1081 3459 neforto

87 3491 348 3642 impleantur
369 3491 564 3556 extranei
584 3487 759 3556 viribus
780 3492 882 3572 tuis,
906 3500 946 3556 et
967 3489 1083 3568 labo·

96 3637 308 3648 --—--·-··—·--——
310 3637 331 3642 ..

126 3706 270 3776 'JbGor
289 3705 347 3773 6,.
331 3711 407 3760 0..-
427 3705 447 3770 2ι
468 3705 543 3780 Pron.
563 3704 586 3772 1,
605 3701 646 3756 at.
665 3707 712 3758 etc.
731 3731 765 3742 -·
777 3700 940 3825 glsspmv*
917 3705 940 3772 1,
958 3705 1002 3760 28.

749 3787 769 3853 5
