2462 4220
427 284 657 364 ..ω-5·

38 449 191 527 etima
214 449 426 535 patriotas,
454 449 526 535 jam
545 448 583 514 in
614 451 690 534 ipsa
707 460 887 535 prouectus
907 451 969 517 aui
990 471 1049 521 ra-

39 536 114 605 dice
153 534 310 610 uitiatus,
346 535 496 618 paratior
530 542 582 598 ost
619 531 697 599 aliis
729 533 923 601 venundare
955 531 1048 618 quod

38 620 130 682 emit.
175 616 220 684 Et
246 613 307 680 ubi
334 613 496 701 estquod
527 617 779 701 scriptumest:
811 613 959 683 Gratis
981 638 1044 684 ac·

39 700 241 785 cepistis,
275 700 414 781 gratis
441 698 550 762 date.
572 695 597 785 ¹)

108 797 153 862 Et
175 816 248 863 cum
262 795 371 882 prima
395 797 577 861 simoniace
591 795 743 861 haeresis
766 802 808 862 sit
829 807 946 863 contra
968 821 1046 864 sum-

39 893 130 946 ctam
161 878 346 944 Ecclesiam
375 888 511 960 exorta,
542 900 602 943 cur
633 901 700 943 non
729 877 965 964 perpenditur,
987 901 1049 946 cur

39 985 111 1030 non
133 961 282 1042 videtur,
308 962 387 1046 quia
410 982 483 1025 sum
507 984 606 1046 quem
630 963 707 1046 quis
728 965 936 1048 cumpretio
959 963 1048 1028 ordi·

42 1057 115 1128 nat,
136 1045 357 1132 provehendo
378 1045 451 1128 agit
472 1057 510 1110 ut
530 1044 722 1113 haereticus
742 1044 826 1112 fiat?

104 1143 185 1208 Alia
208 1165 342 1230 quoque
358 1143 454 1207 nobie
473 1164 528 1206 res
550 1151 600 1206 est
616 1142 714 1208 valde
730 1142 938 1208 detestabilis
960 1167 1048 1210 uun·

39 1229 147 1307 tiata,
182 1224 430 1313 quodquidam
455 1248 498 1290 ex
526 1225 611 1290 laico
634 1222 754 1292 habitu
776 1230 1049 1314 perappetitun
1090 1266 1097 1277 ·

40 1310 263 1397 gloriantem
291 1307 394 1375 oralia
401 1357 411 1389 ,
437 1308 603 1372 defunctis
627 1310 792 1394 episcopia
812 1319 1050 1394 tonsurantur,¹
1115 1319 1123 1338 ⁸

40 1401 76 1458 et
109 1392 194 1458 fiunt
217 1415 264 1456 su
287 1394 330 1458 'to
359 1390 559 1458 sacerdotes.
603 1391 681 1471 Qua
708 1395 744 1461 iu
774 1413 811 1456 ue
836 1393 1047 1480 jacinctum

40 1488 106 1552 est,
130 1474 238 1562 qualis
258 1469 304 1540 nd
313 1472 535 1540 ucmdetium
552 1477 655 1556 venit,
678 1477 786 1560 quire
810 1486 888 1540 enta
905 1475 949 1540 de
958 1473 1049 1542 laico

39 1559 162 1624 habitu
190 1557 234 1622 ad
262 1579 395 1623 sacrum
425 1559 549 1623 transit
581 1557 747 1622 ducatum.
821 1568 837 1622 t
863 1560 933 1648 qui
950 1557 1048 1625 nitas

39 1661 217 1726 nunquam
239 1642 370 1720 extitit,
400 1639 472 1704 dux
501 1640 729 1726 religiosorum
760 1641 835 1706 fieri
855 1665 925 1708 non
946 1642 1048 1728 pesti„

40 1725 171 1793 messit.
214 1723 326 1802 Quam
347 1725 411 1788 iste
442 1745 536 1788 suani
557 1724 839 1810 praedicationem
867 1723 1048 1792 habiturus

40 1817 113 1886 cst,
141 1808 206 1952 pai
232 1807 375 1871 fortasse
403 1829 578 1893 nunquam
606 1807 735 1879 audivit
763 1807 940 1874 alienam?
976 1807 1050 1877 Aut

42 1911 140 1978 quan
163 1911 183 1954 o
207 1889 322 1956 aliena
343 1889 432 1953 mala
452 1892 619 1978 carrigat,
641 1891 700 1976 qui
721 1912 784 1954 nco
803 1891 883 1954 dum
905 1912 968 1956 sua
988 1887 1047 1961 dc·

43 1973 119 2038 uit?
156 1973 201 2036 Et
229 1995 303 2038 oum
333 1973 377 2037 ad
406 1992 520 2039 meros
546 1971 678 2037 ordines
706 1972 834 2036 Paulus
920 1972 1049 2047 catulus

43 2054 251 2142 neophytum
278 2056 395 2120 venire
430 2054 625 2140 parchment,
656 2055 829 2121 sciarsduru
857 1994 954 2120 nuiss
984 2066 1050 2138 est

45 2139 130 2226 quia
151 2139 238 2204 sicat
256 2135 449 2224 neophytus
466 2137 755 2218 tuncvceubatuc,
778 2140 838 2225 qni
854 2136 968 2202 adhuc
987 2160 1048 2202 no·

45 2224 135 2287 uitur
157 2231 231 2285 erat
243 2219 418 2307 plantatus
437 2219 474 2284 iu
488 2219 641 2287 ficosus
655 2242 746 2284 nuuc
759 2219 1051 2307 interneopbytus

45 2305 275 2390 deputamus,
295 2301 486 2389 quiaddnac
512 2325 622 2369 novus
641 2305 750 2368 estin
770 2307 890 2370 macta
909 2322 1049 2370 canuer-

47 2390 189 2454 satione.

114 2486 243 2552 Scimus
258 2473 382 2566 autem,
395 2473 496 2568 'quod
520 2477 686 2552 aedificati
697 2477 849 2571 parietes·
866 2499 930 2551 noa
953 2485 1049 2571 prius

47 2573 218 2654 tignorum
240 2567 372 2656 pondus
395 2569 584 2656 accipiunt,
608 2570 673 2634 uisi
695 2570 857 2633 novitatis
881 2589 962 2632 suae
985 2566 1048 2634 hu·

47 2675 138 2720 more
162 2653 342 2733 siccentur-3
363 2674 406 2715 ne
430 2653 459 2716 si
482 2663 560 2718 ante
604 2651 728 2717 ondera
740 2673 840 2738 quam
863 2650 1051 2716 solidantur

47 2737 229 2820 accipiant,
253 2742 408 2799 cunctam
432 2734 529 2800 simul
551 2736 585 2799 fa
613 2736 715 2800 ricard
737 2734 781 2798 ad
801 2745 926 2800 terram
948 2733 1049 2822 depo·

46 2828 149 2899 naut„
168 2817 229 2896 „Et
249 2839 325 2899 cum
347 2816 391 2885 ad
404 2818 593 2905 tedificium
617 2817 758 2895 arbusta
772 2818 988 2897 succidimus,
1011 2826 1052 2887 ut

47 2905 144 2988 prius
166 2899 349 2964 viriditatis
377 2896 495 2966 humor
522 2901 684 2966 exsiccari
705 2891 842 2980 debeat,
872 2909 1050 2986 exspecta·

47 3008 137 3050 mus:
160 3006 201 3048 ne
226 2987 256 3048 si
279 2983 449 3047 eisadhuc
463 2980 817 3049 tunitiddsdebricae
836 2982 967 3072 pondus
989 2983 1049 3046 im·

46 3069 196 3215 pianr,
220 3089 262 3132 ex
278 3067 358 3212 {¹³⁸2
380 3064 1049 3214 ntttttttffltttsi“diditi

46 3172 180 3298 hiddi.
196 3171 400 3316 miiiii·²siiigii
423 3173 487 3297 iioc
509 3172 776 3297 nonresubtiliteo
804 3233 838 3297 in
861 3230 1053 3296 imminibus

46 3315 247 3395 custoditur,
272 3315 408 3401 quodiu
429 3315 530 3396 lignis
544 3335 678 3401 quoque
700 3336 740 3380 ac
762 3313 935 3402 lapidibus
957 3322 1055 3380 tauta

46 3398 312 3466 consideratione
335 3396 587 3494 perpenditur?

49 3565 54 3586 ³
113 3497 192 3576 Qua
221 3497 264 3564 de
290 3519 328 3562 re
358 3518 496 3564 noemae
531 3508 601 3580 eat,
634 3508 673 3564 ut
700 3506 812 3564 vestra
841 3462 1056 3568 aramenus

64 3661 337 3679 mauu-m
371 3677 374 3687 ,

85 3755 109 3826 ¹)
127 3757 221 3812 Matio.
240 3759 281 3826 10,
299 3757 326 3815 8.

153 4059 172 4102 Q
