2486 4222
562 281 768 351 ..¹30-

24 461 28 468 “
75 483 78 492 =
163 438 247 516 tate.
291 446 391 516 Unde
412 447 481 516 illic
501 449 664 542 'scriptum
686 457 751 515 est:
792 448 926 515 Poncs
954 456 1090 514 autem
1122 449 1180 515 in'

162 545 375 616 rationali
400 549 558 634 judicii
590 546 825 616 doctrinam
850 557 897 614 ct
925 548 1168 630 veritatem,

159 660 269 738 'quae
301 657 422 714 erunt
449 649 492 715 in
525 658 692 736 pectore
718 647 877 730 Aaron,
911 647 1075 734 quando
1104 649 1168 714 in·

164 746 388 834 gredietur
417 767 554 814 eorem
581 749 778 830 Domino,
812 757 852 813 et
880 745 1076 833 gestabit
1098 747 1168 834 ju·

163 845 319 914 dicium
349 845 544 914 filiorum
574 845 722 916 Israel
752 847 794 914 in
823 855 998 932 pecto-re
1021 867 1092 912 suo
1121 847 1169 910 in

164 955 391 1034 conspectu
412 943 578 1012 Domini
599 965 772 1034 semper.
787 948 813 1028 1)
846 944 1020 1011 Sacerdoti
1037 945 1166 1033 quippe

159 1045 324 1138 judicium
353 1045 494 1112 liliorum
526 1045 632 1112 Israel
662 1047 698 1110 in
723 1055 858 1132 pectore
886 1065 997 1111 coram
1026 1045 1168 1112 Domini

164 1156 345 1234 conspectu
368 1155 518 1228 gestare,
542 1155 592 1210 est
614 1143 842 1234 subjectorum
864 1161 984 1211 causas
1005 1161 1067 1231 pro
1090 1141 1168 1210 sola

164 1245 287 1310 interni
313 1243 442 1332 judicis
470 1245 652 1310 intentione
686 1245 870 1323 discutere,
904 1253 941 1310 ut
962 1243 1045 1311 nihil
1074 1263 1108 1308 se
1131 1243 1168 1306 ei

163 1343 381 1410 humanitatis
409 1343 592 1410 admisceat
612 1345 649 1408 in
663 1341 746 1426 hoc,
781 1342 871 1430 quod
897 1339 1011 1409 divina
1033 1342 1164 1430 positus

162 1445 236 1510 vice
260 1443 448 1529 dispensat,
479 1465 522 1509 ne
545 1444 766 1529 correptionis
794 1441 905 1510 studia
929 1445 1081 1532 privatus
1104 1440 1163 1508 do-

162 1543 212 1608 lor
234 1553 421 1629 exasperet.
465 1542 617 1630 Cumque
639 1553 755 1609 contra
776 1543 889 1610 aliena
911 1543 992 1610 vitia
1018 1541 1162 1607 acmula-

162 1652 216 1708 tor
237 1642 437 1725 ostenditur,
469 1665 556 1728 quae
585 1665 646 1707 sua
669 1654 746 1710 sunt
769 1655 972 1731 exequetur,
1006 1665 1047 1706 ne
1068 1651 1161 1706 tran·

165 1741 367 1828 quillitatcm
392 1743 514 1830 judicii
547 1751 606 1806 aut
627 1741 736 1808 latens
758 1743 885 1809 invidia
906 1741 1067 1824 maculet,
1101 1749 1163 1806 aut

162 1863 327 1928 praeceps
348 1843 400 1907 ira
421 1841 606 1929 perturbet.
651 1839 717 1907 Sed
740 1841 818 1907 dum
840 1839 1070 1908 consideratur
1093 1850 1161 1906 ter·

163 1965 219 2006 ror
242 1943 332 2029 ejus,
357 1943 416 2029 qui
439 1941 671 2028 superomnia
693 1941 882 2030 praesidet,
904 1939 1057 2006 videlicet
1073 1940 1163 2027 judi·

163 2041 211 2106 cis
232 2042 356 2123 intimi,
379 2063 446 2108 non
471 2041 541 2104 sine
564 2061 685 2126 magno
700 2049 863 2125 reguntur
875 2041 991 2106 timore
1008 2039 1161 2125 subjecti.

163 2140 232 2223 Qui
261 2141 416 2206 nimirum
447 2141 545 2206 timor
569 2136 648 2204 dum
668 2150 810 2205 mentem
836 2142 972 2205 rectoris
997 2135 1159 2222 humiliat,

161 2251 299 2328 purgat,
324 2263 366 2306 ne
388 2238 476 2305 hanc
498 2248 558 2306 aut
578 2239 784 2328 praesumtio
809 2239 945 2322 spiritus
974 2237 1079 2319 levet,
1103 2247 1166 2304 aut

162 2339 273 2406 carnis
303 2338 480 2404 delectatio
503 2339 674 2426 inquinet,
710 2347 769 2403 aut
799 2359 861 2424 per
881 2347 1088 2403 terrenarum
1109 2359 1163 2403 re·

161 2461 237 2504 rum
258 2437 449 2524 cupidinem
471 2437 705 2525 importunitas
728 2436 911 2522 pulvereae
933 2437 959 2522 ²)
989 2437 1165 2522 cogitatio·

161 2541 214 2605 nis
236 2535 411 2604 obscuret:
442 2560 527 2624 quae
550 2545 662 2603 tamen
685 2557 750 2602 non
772 2535 910 2624 pulsare
928 2538 1067 2604 rectoris
1090 2539 1164 2604 ani-

161 2661 250 2704 mum
279 2645 469 2724 nequeunt3
503 2636 561 2704 sed
591 2636 753 2700 festinare
782 2657 919 2702 necesse
949 2644 1018 2718 est,
1050 2646 1089 2702 ut
1109 2654 1163 2702 rc·

162 2737 370 2828 pugnatione
392 2739 587 2818 vincentur,
616 2737 817 2820 novitium,
847 2735 935 2824 quod
957 2757 1017 2822 per
1040 2749 1163 2820 sugge-

162 2839 303 2904 stionem
324 2845 449 2920 tentat,
475 2835 616 2901 ‘mollitie
642 2833 876 2902 delectationis
898 2834 1049 2920 subigat3
1072 2852 1163 2899 curn-

163 2957 229 3025 que
251 2933 335 3003 haec
357 2935 401 3000 ab
425 2936 535 3001 animo
557 2933 654 2998 tarde
675 2933 869 3022 repellitur,
898 2954 1055 3000 mucrone
1085 2951 1162 2999 con·

163 3055 283 3104 sensus
305 3035 444 3102 occidat.
466 3029 491 3118 3)

199 3237 218 3301 r)
243 3235 327 3289 Exci.
344 3233 394 3301 28,
412 3234 455 3289 30.
481 3263 513 3273 -
541 3232 631 3288 Sermo
649 3235 694 3288 hic
710 3240 751 3287 est
777 3235 810 3286 de.
833 3234 941 3288 vocitas
955 3233 1024 3287 mrim
1044 3240 1070 3288 et
1091 3239 1163 3287 tom-

248 3323 311 3376 mtm
328 3319 461 3388 inscriptis
479 3319 537 3388 ipsi
551 3319 675 3379 rationali
690 3321 721 3372 tn
743 3320 827 3373 medic
840 3329 1001 3387 gemtum
1029 3328 1054 3374 et
1069 3321 1164 3390 isdu-

249 3411 314 3462 naot
330 3405 428 3458 cleron
446 3403 589 3460 doctricem
608 3413 633 3462 et
650 3405 789 3476 perlectam
807 3405 1112 3474 veritatomdnbiortm,
1130 3409 1164 3461 ds

188 3548 191 3558 ,
247 3491 346 3562 quitus
367 3489 485 3560 pontifex
499 3491 686 3556 consolebatur
704 3492 887 3564 accipiendam.
914 3491 1085 3564 Tropologies
1102 3507 1165 3548 roro

249 3577 386 3644 designant
418 3578 446 3630 in
469 3578 590 3648 pontifice
617 3579 726 3647 reperiri
753 3575 844 3630 dobere
869 3578 1011 3631 doctrinam
1038 3573 1107 3650 le'gis
1138 3585 1165 3633 ot

149 3728 152 3736 .
250 3662 384 3728 veritatem
401 3663 471 3719 vitoe
489 3677 537 3720 ssu
554 3679 653 3720 morum
672 3663 842 3734 sanctitatem.
862 3693 892 3702 -
912 3662 936 3731 ²)
955 3665 1019 3719 Alit.
1037 3664 1164 3734 pollutus.

252 3743 273 3806 ³)
291 3745 357 3800 Alit.
375 3763 465 3804 versor
482 3765 514 3804 ne
532 3749 676 3804 consensus
695 3749 823 3804 succedat.
