2486 4222
556 241 857 310 49..-

158 418 311 491 sanetum
338 419 441 495 caput
460 409 652 504 Ecclesiae,
681 407 839 480 videlieet
853 407 1049 503 [Dominum
1071 428 1166 480 ‚eou-

156 499 346 601 templario
367 517 547 596 appetunt,
576 508 636 576 scd
657 507 811 580 deorsum
832 530 965 596 quoque
986 503 1032 576 ad
1051 527 1165 574 mem-
1237 567 1238 570 ,

156 611 219 682 bra
240 607 332 688 illius
354 605 542 688 miserando
564 602 781 678 descendunt.
823 609 913 676 Hinc
928 607 1064 697 Moyses
1081 628 1163 672 cre·

155 705 216 777 bro
229 705 484 778 tabernaculum
495 707 599 774 intrat
620 716 653 772 et
667 709 748 791 exit,
771 717 805 772 et
827 709 885 794 qui
907 707 999 776 intus
1022 707 1057 772 in
1074 729 1163 772 con-

156 806 406 896 templationem
434 808 583 894 rapitur,
619 807 703 873 foris
722 805 973 888 ‚infirmantium
1006 807 1164 892 negotiis

155 921 304 992 urgetur.
347 907 446 974 Intus
465 907 533 972 Dei
561 929 686 974 areana
707 905 916 992 cos-siderat,
943 905 1028 974 foris
1047 928 1165 972 onera
1238 975 1239 980 ,

156 1006 342 1073 carnalium
353 1014 473 1094 portat.
518 1005 585 1086 Qui
606 1005 648 1072 de
663 1003 766 1072 rebus
786 1029 918 1094 quoque
930 1007 1043 1074 dubiis
1057 1000 1163 1072 sem·
1238 999 1239 1040 ³

42 1098 44 1103 ’
155 1128 216 1194 per
237 1104 280 1172 ad
294 1103 545 1174 tabernaculum
558 1106 714 1188 recurrit,
737 1126 846 1172 coram
861 1107 1053 1174 testamenti
1071 1127 1165 1194 arca

155 1203 333 1272 Dominum
358 1204 522 1286 consulit,
547 1203 734 1292 exemplum
756 1206 874 1292 procul
892 1203 993 1272 dubio
1015 1205 1163 1272 rectori-

154 1303 218 1370 bus
231 1305 411 1392 praebens,
424 1318 461 1370 ut
476 1327 551 1370 eum
561 1305 642 1370 foris
657 1305 844 1389 ambigunt,
868 1305 948 1391 quid
958 1305 1162 1392 disponant,

154 1405 199 1471 ad
219 1413 361 1470 mentem
384 1425 515 1490 semper
538 1405 636 1490 quasi
657 1403 700 1469 ad
721 1402 976 1470 tabernaculum
996 1401 1159 1488 redeant,

155 1514 188 1570 et
209 1503 301 1566 velut
322 1523 431 1568 coram
446 1505 637 1568 testamenti
659 1525 740 1568 area
757 1501 936 1570 Dominum
958 1501 1159 1584 consulant,

154 1604 184 1669 si
204 1601 245 1666 de
266 1599 331 1684 his,
354 1603 525 1688 inquibus
547 1601 714 1685 dubitant,
737 1603 828 1691 apud
843 1605 1036 1690 semetipsos
1058 1603 1159 1669 intus

151 1702 243 1780 ¹sacri
264 1699 391 1786 eloquii
412 1703 555 1788 paginas
583 1704 765 1788 requirant.
809 1705 898 1770 Hine
918 1705 993 1790 ipsa
1013 1702 1160 1768 Veritas

153 1821 213 1888 per
235 1801 476 1887 susceptionem
498 1812 632 1866 nostrae
654 1800 873 1869 humanitatis
885 1803 984 1868 nobis
1001 1814 1156 1885 ostensa,

153 1900 189 1966 in
217 1911 328 1966 monte
362 1900 503 1968 orationi
535 1899 706 1983 inhaeret,
743 1901 908 1968 miracula
935 1903 970 1968 in
1005 1897 1156 1968 urbibus

154 2009 300 2082 exercet,
319 2001 344 2088 ¹)
364 2000 560 2066 imitationis
569 1999 730 2085 ,videlicet
745 2003 834 2066 viam
854 2002 950 2067 bonis
962 1997 1155 2068 rectoribus
1239 2063 1241 2070 .

151 2109 323 2183 sternens3
352 2111 389 2168 ut
421 2103 486 2168 etsi
510 2102 582 2188 jam
611 2123 738 2168 summa
765 2100 1018 2190 contemplando
1045 2121 1154 2186 appe·
1239 2129 1240 2158 1

150 2212 239 2287 tunt,
264 2200 521 2268 necessitatibus
541 2213 651 2266 tamen
670 2201 907 2267 infirmantium
919 2191 1153 2288 compatiendo
1239 2189 1240 2206 ³

155 2302 373 2384 misceantur;
404 2302 485 2388 quia
513 2313 594 2366 tuuc
623 2301 666 2367 ad
693 2301 764 2368 alta
794 2302 918 2366 caritas
949 2298 1153 2366 mirabiliter

151 2402 278 2484 surgit,
309 2422 384 2464 cum
412 2400 544 2468 adime
574 2403 803 2488 proximorum
831 2423 866 2466 se
894 2397 1154 2466 misericorditer
1232 2453 1242 2480 ,

151 2500 308 2584 attrahit;
331 2509 364 2566 et
375 2522 440 2586 quo
454 2498 600 2585 benigne
614 2499 786 2568 descendit
800 2499 844 2564 ad
856 2499 981 2582 intima,
996 2497 1152 2566 valenter

152 2600 295 2666 recurrit
311 2599 354 2665 ad
371 2623 508 2666 summa.
553 2600 652 2666 Tales
664 2608 775 2664 autem
795 2623 880 2684 sese,
904 2602 962 2686 qui
974 2609 1151 2686 praesunt,

153 2699 349 2781 exhibeant,
373 2699 496 2786 quibus
519 2698 664 2787 subjecti
682 2697 812 2766 occulta
835 2722 967 2786 quoque
990 2722 1052 2766 sua
1073 2721 1152 2786 pro-

151 2796 231 2862 dere
260 2820 327 2864 non
354 2798 570 2881 erubescant3
607 2808 645 2864 ut
671 2818 745 2864 cum
778 2801 997 2866 tentationum
1027 2799 1150 2865 fluctus

151 2896 285 2982 parvuli
299 2897 449 2980 tolerant,
472 2897 516 2964 ad
530 2897 675 2986 pastoris
695 2907 838 2984 mentem
855 2901 953 2985 quasi
973 2898 1017 2964 ad
1031 2901 1152 2966 matris

151 2999 261 3064 sinum
284 3009 476 3081 recurrant3
496 2995 620 3079 etheo,
644 2997 734 3086 quod
757 3020 791 3064 se
814 2997 988 3084 inquinari
1010 2999 1148 3086 pulsan-

152 3099 196 3164 tis
228 3096 349 3184 culpae
381 3097 537 3164 sordibus
558 3096 775 3186 praevident,
806 3097 1051 3164 exhortationis
1073 3101 1149 3188 ejus

151 3198 286 3282 solatio,
309 3220 350 3264 ac
372 3198 530 3284 lacrymis
554 3197 850 3264 orationislavent.
893 3195 992 3264 Unde
1014 3208 1148 3266 etanta

150 3299 240 3366 feres
261 3296 379 3384 templi
392 3297 437 3363 ad
447 3295 632 3364 abluendas
642 3297 902 3384 ingredientium
919 3319 1038 3364 manus
1054 3299 1148 3368 mare

150 3419 309 3477 aeneum,
339 3394 449 3478 idest
482 3395 623 3462 luterem
659 3393 832 3462 duodecim
864 3393 967 3462 boves
988 3405 1146 3483 portant;

149 3496 210 3582 qui
233 3494 368 3587 quidem
389 3495 476 3562 facie
499 3497 646 3563 exterius
668 3496 832 3598 eminent,
863 3494 920 3561 sed
942 3518 985 3561 ex
1007 3499 1150 3582 posteri-

177 3705 197 3766 ¹)
215 3701 279 3758 Luc.
298 3709 322 3773 6,
342 3705 383 3760 12.
498 3665 502 3712 ἶ
540 3687 542 3698 '
590 3689 592 3696 ’
