2462 4220
560 240 786 306 -210-

177 404 369 473 vadneribus
390 404 610 476 medicamina
631 412 787 493 opponit.
808 407 832 493 ¹)
859 404 943 470 ·Sed
962 427 1036 470 cum
1057 406 1169 489 magni

180 508 224 572 sit
245 503 365 588 studii,
388 517 426 572 ut
447 505 662 572 exhortandis
689 505 828 591 singulis
850 507 1016 574 serviatur
1037 503 1083 570 ad
1108 505 1166 570 sin·

178 605 275 691 gula,
307 626 381 669 cum
403 603 500 668 valde
531 604 733 670 laboriosum
766 607 809 670 sit
836 624 1111 692 unumquemque
1132 603 1166 668 de
1219 591 1220 636 t

179 705 324 792 propriis
355 702 418 769 sub
448 701 693 789 dispensatione
726 704 858 772 debitae
895 704 1168 771 considerationis
1219 725 1220 738 ¹

179 807 356 887 instruere;
383 802 480 889 longe
501 812 614 872 tamen
635 805 834 872 laboriosius
857 815 908 870 cst
930 804 1103 871 auditores
1125 804 1167 868 in-

181 924 335 969 numeros
351 905 377 990 ²)
409 925 450 968 ac
472 902 610 970 diversis
632 904 844 992 passionibus
866 903 1083 986 laborantes,
1107 927 1167 968 uno

177 1002 359 1088 eodemque
380 1013 548 1088 tempore,
571 1027 651 1070 voce
671 1006 772 1070 unius
794 1013 827 1070 et
848 1007 1027 1070 communis
1049 1004 1166 1070 exhor·

177 1103 313 1168 tationis
324 1102 510 1168 admonere.
525 1101 551 1190 ³)
593 1103 648 1168 Ibi
664 1106 787 1190 quippe
809 1112 1064 1170 tautaartevox
1089 1113 1166 1168 tem·

177 1201 327 1289 peranda
350 1214 419 1284 est,
442 1213 481 1268 ut
509 1225 582 1268 cum
606 1203 738 1268 diversa
768 1203 836 1268 sint
862 1202 1050 1270 auditorum
1073 1205 1166 1284 vitia,

176 1313 211 1367 et
232 1301 373 1386 singulis
389 1303 580 1368 inveniatur
604 1325 764 1388 congrua,
788 1311 947 1368 ettamen
970 1304 1168 1391 sibimetipsi

175 1423 241 1467 nou
263 1403 306 1466 sit
327 1401 473 1484 diversa3
498 1411 536 1467 ut
557 1405 643 1466 inter
663 1403 836 1488 passiones
858 1403 984 1468 medias
1005 1424 1074 1468 uno
1098 1405 1167 1490 qui·

178 1501 251 1566 dem
273 1500 374 1566 ductu
385 1513 546 1586 transcat,
569 1503 627 1568 sed
640 1524 728 1567 more
743 1503 888 1588 bicipitis
905 1503 1011 1588 gladii
1023 1513 1166 1568 tumores

173 1600 411 1716 cogitationum
441 1601 622 1666 carnalium
656 1623 698 1666 ex
734 1602 867 1667 diverso
893 1601 999 1667 latere
1030 1602 1165 1681 incidat,

178 1709 342 1786 quatenus
365 1701 414 1764 sic
436 1702 590 1787 superbis
611 1701 822 1789 praedicetur
843 1700 1032 1784 humilitas,
1058 1712 1097 1766 ut
1119 1713 1164 1767 ta·
1219 1671 1221 1754 l

176 1819 252 1862 men
272 1797 396 1865 timidis
417 1823 483 1867 non
505 1810 670 1887 augeatur
691 1811 805 1868 metus
840 1801 894 1866 Sic
909 1801 1033 1867 timidis
1055 1801 1164 1867 infun·

177 1897 277 1962 datur
299 1901 491 1983 auctoritas,
513 1911 551 1965 ut
572 1909 683 1966 tamen
706 1899 859 1989 superbis
880 1924 948 1972 uon
969 1909 1099 1968 crescat
1120 1871 1221 1964 el·

172 1995 326 2064 frenatio.
364 1996 421 2064 Sic
441 2001 556 2066 otiosis
577 2024 618 2066 ac
638 2001 847 2089 torpentibus
869 2000 1080 2088 praedicetur
1103 2000 1164 2066 sol·

175 2096 312 2164 licitudo
336 2097 549 2188 bonioperis,
570 2111 608 2166 ut
628 2111 738 2167 tamen
756 2101 915 2188 inquietis
930 2099 1164 2168 immoderatae

174 2195 312 2263 licentia
333 2209 588 2284 nonaugcatur
610 2201 761 2267 actionis.
805 2202 861 2267 Sic
882 2200 1042 2290 inquietis
1063 2223 1166 2290 pona·

173 2304 230 2362 tur
250 2296 378 2380 modus,
401 2309 438 2364 ut
458 2307 568 2364 tamen
590 2299 703 2366 otiosis
725 2321 792 2366 non
812 2299 872 2366 fiat
886 2307 998 2385 torpor
1020 2322 1165 2366 securus

174 2392 232 2462 Sic
254 2395 297 2460 ab
318 2395 570 2483 impatientibus
593 2399 811 2483 extinguatur
833 2399 901 2483 ira,
922 2410 960 2465 ut
982 2409 1093 2464 tamen
1116 2421 1165 2463 re·

173 2496 284 2562 missis
307 2517 347 2562 ac
357 2494 490 2564 lenibus
507 2519 574 2562 non
595 2509 723 2564 crescat
735 2497 951 2583 negligentia.
995 2497 1050 2564 Sic
1069 2497 1166 2564 lenes
1221 2583 1222 2588 ἵ

172 2593 400 2663 accendantur
421 2597 464 2664 ad
484 2597 611 2680 zelum,
638 2607 676 2664 ut
696 2605 807 2663 umen
829 2597 998 2666 iracundis
1018 2618 1085 2662 non
1110 2597 1166 2664 ad·
1221 2589 1222 2670 l

174 2693 483 2763 daturincendium.
515 2696 571 2763 Sic
593 2695 769 2764 tenacibus
789 2697 1166 2766 infundaturtribuendi
1221 2703 1222 2742 l

173 2795 333 2882 largitas,
362 2803 400 2862 ut
420 2807 534 2864 tamen
553 2796 701 2885 prodigis
723 2797 893 2864 effusionis
914 2797 1011 2863 frena
1031 2797 1166 2862 minime

172 2894 341 2961 laxentur.
370 2895 809 2986 sicprodigispraedicctur
823 2897 982 2987 parcitas,
1005 2905 1167 2964 uttamen

173 2995 348 3062 tenacibus
369 2999 594 3084 periturarum
608 3019 718 3064 rerum
732 2996 883 3064 custodia
903 3020 969 3066 non
991 3009 1166 3084 augeatur.
1221 3029 1222 3062 ι

174 3093 231 3162 Sic
252 3095 719 3166 incontinentibuslaudetur
747 3098 960 3185 conjugium,
989 3106 1025 3164 ut
1051 3105 1167 3164 umen

167 3195 238 3280 jam
260 3196 467 3276 continentes
482 3206 755 3262 nonrevocentur
775 3196 819 3260 ad
834 3196 966 3263 'luxum
1010 3195 1065 3262 Sic
1086 3219 1166 3266 con·
1220 3223 1222 3266 ι

172 3293 356 3362 tinentibus
376 3294 531 3362 laudetur
551 3297 730 3381 virginitas
752 3297 916 3386 corporis,
939 3305 1111 3363 attamen
1133 3299 1165 3360 in
1221 3377 1222 3388 ἵ

171 3393 374 3484 conjugibus
396 3394 552 3484 despecta
572 3418 641 3462 non
661 3393 721 3461 fiat
740 3395 926 3464 fecunditas
948 3395 1068 3465 carnis.
1110 3394 1166 3463 Sic
1221 3389 1222 3396 '

201 3625 221 3694 ¹)
237 3625 301 3680 Alit
318 3632 441 3694 apponat.
459 3655 493 3668 ··-
510 3626 534 3696 ²)
554 3627 611 3680 Alit
627 3627 781 3684 innumeris.
799 3655 834 3670 -
855 3626 956 3692 anua
975 3628 1163 3684 anhomticnis

239 3711 413 3765 admonitione
432 3713 567 3768 instruero.
