2462 4220
581 226 805 303 -lld-

123 419 133 462 t
195 419 262 486 gur
281 397 459 464 inveniens
479 415 694 484 nequaquam
714 416 792 465 mox
813 403 972 480 montana
992 393 1194 472 conscendit

196 495 383 580 ,Ardentem
406 497 530 584 quippe
553 494 728 562 Sodomam
748 494 867 580 fugere
881 493 1070 566 ‚estillioiu
1087 496 1194 565 carnis

197 595 361 670 ¹incendia
373 594 545 662 declinare.
588 594 735 662 Altitudo
757 617 836 662 vero
849 594 1010 672 montium
1030 604 1083 663 est
1107 618 1194 662 mun-

201 695 287 768 ditia
309 696 555 762 continentium.
597 691 662 759 Vel
684 702 774 763 certe
797 695 895 784 quasi
921 694 959 766 in
979 705 1094 763 monte
1118 704 1196 772 aunt,
1225 701 1227 828 4

202 799 263 882 qui
285 797 383 860 etiam
404 795 535 862 carnali
555 793 694 882 copulae
716 794 905 874 inhaerent,
929 794 987 860 sed
1009 802 1129 860 tamen
1148 817 1196 858 ex·
1226 853 1227 862 ,

200 903 255 962 tra
277 894 509 981 suscipiendae
538 891 641 980 prolis
669 893 906 960 admixtionem
928 892 1087 976 debitam,
1113 891 1197 960 nulla

202 996 315 1062 earnis
337 996 510 1078 voluptate
533 992 717 1060 solvuntur.
760 993 803 1060 In
824 1002 934 1060 monte
956 992 1083 1080 quippe
1111 1006 1194 1060 stare

203 1105 255 1162 est
276 1095 341 1160 nisi
361 1093 506 1160 fructum
527 1093 723 1182 propaginis
739 1094 890 1161 incarne
905 1115 972 1160 non
984 1114 1165 1180 quaerere.
1176 1092 1195 1176 ¹)

202 1195 245 1262 In
267 1187 376 1259 monte
407 1203 496 1260 stare
519 1203 568 1258 est
590 1195 684 1259 carni
709 1193 890 1259 carnaliter
919 1214 986 1260 non
1007 1191 1195 1258 adhaerere

202 1293 273 1362 Sed
295 1295 375 1382 quia
397 1294 494 1359 multi
516 1303 603 1376 sunt,
627 1295 685 1380 qui
707 1293 835 1360 seelera
853 1293 987 1380 quidem
1008 1293 1126 1358 carnis
1149 1292 1195 1356 de·

202 1404 329 1473 serunt,
349 1412 413 1457 nec
434 1403 546 1460 tamen
558 1395 593 1457 in
607 1393 764 1480 conjugio
775 1393 875 1480 positi
896 1415 978 1458 usus
994 1389 1195 1459 solummodo

203 1493 309 1560 debiti
323 1494 406 1579 jura
427 1505 641 1560 conservant:
662 1493 746 1557 exiit
768 1491 903 1579 quidem
913 1489 997 1557 Loth
1015 1489 1195 1569 Sodomam,

202 1591 264 1660 sed
285 1603 396 1659 tamen
418 1610 496 1658 mox
517 1591 560 1660 ad
575 1601 733 1658 montana
754 1615 822 1658 non
843 1593 1007 1676 pervenit,
1030 1591 1114 1678 quia
1133 1593 1194 1680 jan

203 1690 403 1758 damnabilis
418 1693 489 1756 vita
510 1691 718 1778 relinquitur,
741 1691 799 1757 sed
813 1691 922 1759 adhue
934 1692 1100 1758 celsitudo
1125 1714 1194 1758 oon·

198 1791 329 1880 jugalis
357 1793 582 1858 continentiae
613 1791 780 1858 subtiliter
791 1793 818 1874 2)
847 1815 915 1858 non
948 1800 1094 1858 tenetur.
1141 1791 1193 1854 Est

91 1949 93 1954 ,
202 1895 338 1958 veroin
359 1891 466 1960 medio
490 1891 595 1977 Segor
617 1894 753 1972 civitas,
777 1913 864 1978 quae
884 1891 1069 1976 fugientem
1092 1891 1193 1958 salvet

201 1992 384 2059 infirmum:
407 1994 488 2080 quia
501 1993 663 2074 videlicet,
686 2013 760 2058 oum
776 1991 839 2058 sibi
850 2014 911 2081 per
923 1992 1193 2058 incontinentiam

200 2093 383 2159 miscentur
403 2096 579 2180 conjuges,
609 2103 642 2159 et
663 2093 779 2178 lapsus
802 2091 965 2158 scelerum
987 2090 1142 2176 fugiunt,
1167 2098 1193 2154 et

200 2201 311 2260 tamen
334 2194 433 2257 venia
455 2193 637 2258 salvantur.
682 2190 791 2272 Quasi
811 2214 950 2279 parvam
972 2191 1100 2278 quippe
1122 2190 1192 2258 civi·

200 2300 303 2358 tatem
332 2293 525 2370 inveniunt,
555 2293 590 2358 in
620 2314 689 2378 qua
718 2290 762 2357 ab
793 2289 929 2375 ignibus
961 2289 1192 2358 defendantur:

201 2393 284 2479 quia
307 2390 492 2478 conjugalis
513 2390 598 2456 haec
619 2393 690 2458 vita
711 2415 780 2460 non
804 2390 937 2480 quidem
958 2391 994 2456 in
1015 2391 1192 2464 virtutibus

202 2492 289 2560 mira
311 2499 370 2573 est,
394 2488 453 2560 ssd
473 2501 618 2556 tamena
635 2491 811 2580 suppliciis
828 2511 956 2556 secura.
992 2488 1093 2556 Unde
1115 2489 1193 2554 idem

176 2677 178 2684 Ι
202 2592 291 2663 Loth
313 2591 356 2658 ad
376 2589 546 2676 Angelum
568 2591 662 2657 dicit:
692 2591 765 2656 Est
791 2591 949 2656 civitas
971 2589 1040 2656 hic
1065 2591 1192 2676 juxta,

203 2690 255 2760 ad
275 2715 390 2778 quam
412 2714 576 2778 possum
596 2689 750 2776 fugere,
772 2712 917 2780 parva,
941 2699 979 2756 et
1001 2687 1192 2756 salvabor

203 2791 244 2858 in
273 2813 329 2856 ea.
374 2785 587 2879 Numquid
615 2814 696 2858 non
721 2792 882 2857 modion
910 2799 984 2870 est,
1015 2798 1055 2854 et
1085 2790 1192 2856 vivet

203 2891 339 2956 anima
360 2912 447 2956 moa
467 2894 511 2957 in
535 2889 647 2977 ea?·³)
668 2890 776 2958 Juxta
797 2911 877 2976 ergo
892 2887 1024 2970 dicitur,
1046 2897 1192 2954 ettamen

203 2989 248 3056 ad
271 2987 410 3054 salutem
432 2999 504 3056 tuta
516 2991 726 3078 perhibetur3
750 2992 830 3077 quia
841 2987 1028 3077 conjugalis
1043 2989 1116 3056 vita
1137 3007 1192 3054 neo

201 3115 224 3158 a
245 3089 367 3156 mundo
376 3089 474 3176 longe
491 3089 599 3156 divisa
613 3100 672 3172 est,
693 3100 881 3156 nontamen
902 3087 1058 3174 agaudio
1082 3088 1192 3158 salutis

200 3189 322 3260 aliena.
368 3189 434 3258 Sed
462 3198 543 3256 tune
570 3189 605 3258 in
633 3187 698 3256 hac
719 3190 851 3256 actione
872 3190 975 3258 vitam
1005 3211 1102 3258 suam
1123 3211 1191 3255 oon·

192 3288 300 3382 'juges
315 3290 413 3376 quasi
434 3289 467 3352 in
482 3309 592 3386 parua
613 3289 750 3354 civitate
760 3287 962 3368 custodiunt,
985 3288 1121 3372 quando
1142 3308 1193 3375 pro

229 3539 250 3608 Ι)
268 3537 333 3590 Alit.
354 3539 386 3592 In
411 3541 495 3599 monto
522 3539 618 3608 quippe
644 3541 715 3592 stam
740 3537 801 3606 quid
824 3541 877 3604 ost,
902 3537 958 3590 uisi
981 3534 1088 3593 truens
1103 3552 1193 3606 propa·

271 3624 343 3692 ginis
360 3625 388 3678 in
406 3639 484 3681 cums
501 3638 554 3679 non
571 3638 704 3694 quaerero.
723 3649 754 3664 -ν
775 3621 795 3688 ²)
813 3623 878 3676 Aut.
897 3622 1056 3680 sublinitu-

232 3709 335 3776 nean.
354 3711 400 3780 19,
425 3711 469 3774 211
