2486 4222
565 257 749 320 ..4.-

155 442 194 505 ut
220 431 384 524 ethaeo,
419 431 476 525 qui
501 440 623 521 vacat,
656 432 792 502 incaute
824 449 894 500 non
919 437 1079 524 expetat;
1120 434 1161 498 at

157 552 214 645 qui
240 553 376 636 incaute
394 550 558 644 expetiit,
584 546 742 643 adeptum
762 567 801 618 se
822 565 899 616 esse
921 546 1156 639 pertimescat.

158 665 409 762 Quadripertita
439 687 526 738 varo
560 663 786 759 disputatione
819 660 907 733 liber
939 663 1006 732 iste
1030 659 1168 738 distin-.

157 785 272 878 guitur
286 779 335 878 ¹),
353 792 390 854 ut
404 781 447 854 ad
457 781 663 858 lectorissui
678 782 824 852 animum
837 777 1001 851 ordinatis
1018 776 1157 870 allega-

156 898 307 972 tionibus
332 896 642 992 quasiquibusdam
669 893 1027 991 passibusgradiatur.
1066 892 1156 966 Nam

157 1037 359 1091 cumrerum
372 1015 563 1088 necessitas
577 1015 745 1108 exposcit,
754 1011 964 1108 pensandum
976 1009 1075 1084 valde
1087 1020 1158 1101 est,

156 1132 199 1205 ad
217 1132 352 1204 culmen
370 1132 513 1226 quisque
533 1131 710 1224 regiminis
733 1128 878 1223 qualiter
890 1129 1028 1216 veniat;
1052 1138 1160 1222 atque

147 1243 199 1321 'ad
221 1245 286 1320 hoc
306 1249 372 1320 rite
394 1248 602 1341 perveniens
629 1244 775 1341 qualiter
793 1247 911 1336 vivat,
934 1243 1071 1316 athene
1094 1246 1157 1316 vi-

155 1387 243 1438 vens
269 1362 414 1458 qualiter
438 1361 572 1456 doceat‚
597 1373 632 1434 et
657 1371 753 1434 recte
774 1360 901 1434 docens
923 1360 1158 1434 infirmitatem

156 1503 251 1557 suam
266 1478 417 1574 quotidie
434 1488 557 1573 quanta
573 1478 848 1552 consideratione
875 1489 1082 1572 cognoscat3
1108 1501 1157 1550 ne

158 1607 215 1669 aut
232 1595 400 1668 humilitas
418 1594 740 1689 accessumlugiat,
767 1605 829 1666 aut*
844 1598 1062 1690 perventioni
1082 1597 1157 1668 vita

158 1713 387 1814 contradicat,
405 1723 463 1784 aut
472 1715 579 1786 vitam
591 1713 744 1785 doctrina
754 1711 926 1803 destituat,
952 1721 1010 1782 aut
1023 1712 1157 1784 doctri-

158 1853 236 1904 nam
270 1831 477 1926 praesumtio
511 1830 664 1902 extollat.
715 1829 814 1902 Prius
849 1851 934 1922 argo
968 1831 1156 1922 appetitum

158 1950 260 2021 timor
284 1956 474 2042 temperet3
500 1957 578 2041 post
604 1956 716 2018 autem
743 1947 996 2038 magisterium,
1022 1945 1157 2040 quoda

158 2087 229 2138 nou
248 2073 434 2160 quaerente
456 2064 652 2158 suscipitur,
677 2063 748 2136 vita
774 2061 1005 2152 commendem
1033 2085 1074 2134 ac
1094 2061 1157 2136 de·

158 2181 237 2256 inde
270 2204 416 2256 necesse
450 2190 523 2271 ast,
559 2190 596 2252 ut
628 2179 779 2252 Pastoris
811 2178 935 2252 bonum
973 2179 1062 2274 quod
1097 2181 1157 2250 vi-

159 2299 273 2372 vendo
297 2297 506 2387 ostenditur,
533 2294 825 2390 etiamloqucndo
844 2307 1063 2391 propagetur.
1100 2295 1157 2368 Ad

160 2428 350 2490 extremum
391 2435 477 2487 vero
519 2423 676 2506 superest
686 2457 701 2506 ,·
737 2423 774 2483 ut
811 2411 964 2506 perlecta
1001 2435 1158 2509 quaeque

159 2513 265 2634 opera
293 2529 521 2602 consideratio
555 2531 714 2623 propriae
746 2527 949 2600 infirmitatis
978 2529 1161 2624 deprimat,

245 2777 291 2829 vit.
328 2776 400 2828 Sicut
422 2777 490 2829 enim
513 2775 560 2828 ille
582 2776 669 2828 cedem
693 2790 726 2828 cx
744 2789 825 2828 causa
850 2776 952 2844 scripsit
976 2777 1072 2830 desua
1092 2775 1159 2843 fuge

245 2861 450 2931 apologeticum,
476 2876 528 2928 quo
545 2860 718 2929 periculosam
743 2861 869 2929 ejusmodi
894 2861 1057 2928 spiritualem
1076 2877 1158 2929 prae-

246 2947 370 3001 fecturam
389 2947 539 3014 ostendens,
566 2961 595 3000 se
612 2948 683 3000 haud
700 2947 853 3014 insipienter
870 2945 972 3013 fugisse
990 2951 1158 3000 monstraret:

247 3035 284 3086 ita
302 3035 398 3101 pariter
415 3034 459 3085 hic
477 3031 504 3087 S.
523 3033 666 3100 Gregorius
690 3034 823 3087 Romanus
841 3047 904 3085 suae
923 3031 1002 3100 fugae
1021 3032 1156 3092 defensio-

248 3133 305 3172 nem
331 3133 443 3188 psrans‚
478 3119 557 3170 simul
584 3109 695 3170 ostendit
719 3119 783 3170 tanti
806 3119 919 3170 muneris
946 3119 1105 3186 periculum,
1131 3123 1157 3170 et

247 3203 329 3256 veluti
347 3218 380 3257 ex
398 3203 602 3256 eminentissima
619 3203 697 3254 totius
715 3204 803 3254 mundi
821 3203 950 3255 Osthedra
968 3205 1066 3270 docuit,
1086 3220 1155 3272 qua-

245 3291 285 3344 les
304 3304 362 3342 esse
380 3289 495 3356 debeant,
513 3289 558 3357 qui
575 3289 643 3340 inter
660 3289 780 3341 Pastores
792 3294 973 3354 assumuntur,
992 3294 1017 3340 et
1030 3291 1156 3357 quomodo

246 3377 375 3444 assumpti
393 3391 422 3428 se
439 3389 530 3442 gerare
549 3374 664 3426 debeant.

204 3463 224 3526 ¹)
246 3463 317 3514 Haec
335 3461 477 3515 editoribus
496 3464 635 3513 suaserunt
652 3458 712 3512 libri
729 3457 809 3528 hujus
827 3459 855 3510 in
879 3464 988 3526 quatuor
1005 3465 1093 3526 partes
1111 3460 1155 3512 di-

227 3549 387 3617 visionemq
414 3547 491 3600 cuius
509 3545 656 3613 partitionis
678 3549 808 3597 auctorem
831 3545 901 3598 hsud
924 3545 1052 3598 immerito
1069 3549 1156 3613 ipsum

246 3630 274 3684 S.
292 3632 445 3700 Gregorium
471 3631 611 3697 oredimus,
644 3631 689 3699 qui
706 3635 778 3699 parte
795 3631 846 3682 III.
865 3646 922 3699 esp.
941 3631 983 3686 26.
1002 3646 1059 3684 esur
1083 3632 1155 3684 indi-

247 3725 301 3772 cet:
319 3717 418 3786 „Sicut
436 3718 481 3786 ait,
500 3718 526 3770 in
537 3717 618 3786 priori
631 3717 711 3788 hujus
722 3718 860 3772 voluminis
871 3717 1003 3788 partejsm
1014 3718 1159 3775 diximus.“
