<?xml version="1.0" encoding="UTF-8"?>
<!DOCTYPE html PUBLIC "-//W3C//DTD XHTML 1.0 Transitional//EN"
    "http://www.w3.org/TR/xhtml1/DTD/xhtml1-transitional.dtd">
<html xmlns="http://www.w3.org/1999/xhtml" xml:lang="en" lang="en">
 <head>
  <title>
</title>
<meta http-equiv="Content-Type" content="text/html;charset=utf-8" />
  <meta name='ocr-system' content='tesseract 3.04.00' />
  <meta name='ocr-capabilities' content='ocr_page ocr_carea ocr_par ocr_line ocrx_word'/>
</head>
<body>
  <div class='ocr_page' id='page_1' title='image "./depastoralicura00greggoog_0167.png"; bbox 0 0 2468 4218; ppageno 0'>
   <div class='ocr_carea' id='block_1_1' title="bbox 548 243 783 309">
    <p class='ocr_par' dir='ltr' id='par_1_1' title="bbox 548 243 783 309">
     <span class='ocr_line' id='line_1_1' title="bbox 548 243 783 309; baseline 0.004 -1"><span class='ocrx_word' id='word_1_1' title='bbox 548 243 783 309; x_wconf 35' lang='lat'><strong>³144-</strong></span> 
     </span>
    </p>
   </div>
   <div class='ocr_carea' id='block_1_2' title="bbox 79 407 1218 2980">
    <p class='ocr_par' dir='ltr' id='par_1_2' title="bbox 79 407 1218 2980">
     <span class='ocr_line' id='line_1_2' title="bbox 175 407 1167 512; baseline 0.004 -38"><span class='ocrx_word' id='word_1_2' title='bbox 175 431 236 476; x_wconf 85' lang='lat' dir='ltr'><strong>neo</strong></span> <span class='ocrx_word' id='word_1_3' title='bbox 258 430 319 475; x_wconf 80' lang='lat' dir='ltr'><strong>sna</strong></span> <span class='ocrx_word' id='word_1_4' title='bbox 341 407 552 496; x_wconf 86' lang='lat' dir='ltr'><strong>largiuntur,</strong></span> <span class='ocrx_word' id='word_1_5' title='bbox 572 421 609 512; x_wconf 77' lang='lat' dir='ltr'><strong>pt</strong></span> <span class='ocrx_word' id='word_1_6' title='bbox 631 412 739 478; x_wconf 87' lang='lat' dir='ltr'><strong>sciant</strong></span> <span class='ocrx_word' id='word_1_7' title='bbox 761 410 912 493; x_wconf 75' lang='lat' dir='ltr'><strong>sollicite,</strong></span> <span class='ocrx_word' id='word_1_8' title='bbox 936 409 1026 498; x_wconf 87' lang='lat' dir='ltr'><strong>quod</strong></span> <span class='ocrx_word' id='word_1_9' title='bbox 1048 431 1108 494; x_wconf 78' lang='lat' dir='ltr'><strong>ea,</strong></span> <span class='ocrx_word' id='word_1_10' title='bbox 1128 411 1167 478; x_wconf 87' lang='lat' dir='ltr'><strong>de</strong></span> 
     </span>
     <span class='ocr_line' id='line_1_3' title="bbox 177 509 1168 595; baseline 0.001 -20"><span class='ocrx_word' id='word_1_11' title='bbox 177 529 243 595; x_wconf 90' lang='lat' dir='ltr'><strong>qua</strong></span> <span class='ocrx_word' id='word_1_12' title='bbox 268 511 367 576; x_wconf 87' lang='lat' dir='ltr'><strong>sumti</strong></span> <span class='ocrx_word' id='word_1_13' title='bbox 393 521 491 591; x_wconf 87' lang='lat' dir='ltr'><strong>sunt,</strong></span> <span class='ocrx_word' id='word_1_14' title='bbox 514 511 641 576; x_wconf 90' lang='lat' dir='ltr'><strong>cunctis</strong></span> <span class='ocrx_word' id='word_1_15' title='bbox 662 509 851 576; x_wconf 89' lang='lat' dir='ltr'><strong>hominibus</strong></span> <span class='ocrx_word' id='word_1_16' title='bbox 872 519 964 576; x_wconf 85' lang='lat' dir='ltr'><strong>terra</strong></span> <span class='ocrx_word' id='word_1_17' title='bbox 986 510 1168 576; x_wconf 89' lang='lat' dir='ltr'><strong>communis</strong></span> 
     </span>
     <span class='ocr_line' id='line_1_4' title="bbox 174 607 1166 696; baseline -0.001 -21"><span class='ocrx_word' id='word_1_18' title='bbox 174 619 235 689; x_wconf 84' lang='lat' dir='ltr'><strong>est,</strong></span> <span class='ocrx_word' id='word_1_19' title='bbox 256 621 289 675; x_wconf 88' lang='lat' dir='ltr'><strong>et</strong></span> <span class='ocrx_word' id='word_1_20' title='bbox 310 609 432 676; x_wconf 90' lang='lat' dir='ltr'><strong>idcirco</strong></span> <span class='ocrx_word' id='word_1_21' title='bbox 450 607 605 677; x_wconf 81' lang='lat' dir='ltr'><strong>alimento</strong></span> <span class='ocrx_word' id='word_1_22' title='bbox 621 631 754 696; x_wconf 89' lang='lat' dir='ltr'><strong>quoque</strong></span> <span class='ocrx_word' id='word_1_23' title='bbox 776 608 929 675; x_wconf 81' lang='lat' dir='ltr'><strong>omnibus</strong></span> <span class='ocrx_word' id='word_1_24' title='bbox 951 611 1166 676; x_wconf 90' lang='lat' dir='ltr'><strong>communiter</strong></span> 
     </span>
     <span class='ocr_line' id='line_1_5' title="bbox 145 708 1166 796; baseline -0.004 -20"><span class='ocrx_word' id='word_1_25' title='bbox 145 708 310 796; x_wconf 77' lang='lat' dir='ltr'><strong>profert.</strong></span> <span class='ocrx_word' id='word_1_26' title='bbox 351 709 524 774; x_wconf 78' lang='lat' dir='ltr'><strong>Incassum</strong></span> <span class='ocrx_word' id='word_1_27' title='bbox 546 731 626 793; x_wconf 88' lang='lat' dir='ltr'><strong>ergo</strong></span> <span class='ocrx_word' id='word_1_28' title='bbox 655 731 691 773; x_wconf 90' lang='lat' dir='ltr'><strong>se</strong></span> <span class='ocrx_word' id='word_1_29' title='bbox 723 710 919 776; x_wconf 87' lang='lat' dir='ltr'><strong>innocentes</strong></span> <span class='ocrx_word' id='word_1_30' title='bbox 940 717 1080 795; x_wconf 87' lang='lat' dir='ltr'><strong>putant,</strong></span> <span class='ocrx_word' id='word_1_31' title='bbox 1112 710 1166 796; x_wconf 87' lang='lat' dir='ltr'><strong>qui</strong></span> 
     </span>
     <span class='ocr_line' id='line_1_6' title="bbox 173 806 1166 896; baseline -0.002 -22"><span class='ocrx_word' id='word_1_32' title='bbox 173 829 344 874; x_wconf 87' lang='lat' dir='ltr'><strong>commune</strong></span> <span class='ocrx_word' id='word_1_33' title='bbox 365 808 432 873; x_wconf 91' lang='lat' dir='ltr'><strong>Dei</strong></span> <span class='ocrx_word' id='word_1_34' title='bbox 453 831 573 874; x_wconf 89' lang='lat' dir='ltr'><strong>munus</strong></span> <span class='ocrx_word' id='word_1_35' title='bbox 605 806 670 873; x_wconf 83' lang='lat' dir='ltr'>sibi</span> <span class='ocrx_word' id='word_1_36' title='bbox 702 809 869 894; x_wconf 85' lang='lat' dir='ltr'><strong>privatum</strong></span> <span class='ocrx_word' id='word_1_37' title='bbox 891 808 1080 890; x_wconf 82' lang='lat' dir='ltr'><strong>vindicant3</strong></span> <span class='ocrx_word' id='word_1_38' title='bbox 1111 808 1166 896; x_wconf 89' lang='lat' dir='ltr'><strong>qni</strong></span> 
     </span>
     <span class='ocr_line' id='line_1_7' title="bbox 174 906 1165 993; baseline 0.001 -22"><span class='ocrx_word' id='word_1_39' title='bbox 174 927 248 971; x_wconf 89' lang='lat' dir='ltr'><strong>cum</strong></span> <span class='ocrx_word' id='word_1_40' title='bbox 270 917 407 993; x_wconf 89' lang='lat' dir='ltr'><strong>accepta</strong></span> <span class='ocrx_word' id='word_1_41' title='bbox 418 929 483 973; x_wconf 90' lang='lat' dir='ltr'><strong>non</strong></span> <span class='ocrx_word' id='word_1_42' title='bbox 495 906 656 990; x_wconf 87' lang='lat' dir='ltr'><strong>tribuunt,</strong></span> <span class='ocrx_word' id='word_1_43' title='bbox 679 909 714 974; x_wconf 90' lang='lat' dir='ltr'><strong>in</strong></span> <span class='ocrx_word' id='word_1_44' title='bbox 726 907 949 993; x_wconf 88' lang='lat' dir='ltr'><strong>proximorum</strong></span> <span class='ocrx_word' id='word_1_45' title='bbox 969 928 1051 972; x_wconf 89' lang='lat' dir='ltr'><strong>nece</strong></span> <span class='ocrx_word' id='word_1_46' title='bbox 1073 929 1165 992; x_wconf 84' lang='lat' dir='ltr'><strong>gras·</strong></span> 
     </span>
     <span class='ocr_line' id='line_1_8' title="bbox 174 1005 1164 1094; baseline 0.003 -25"><span class='ocrx_word' id='word_1_47' title='bbox 174 1014 307 1086; x_wconf 80' lang='lat' dir='ltr'><strong>santur3</strong></span> <span class='ocrx_word' id='word_1_48' title='bbox 338 1005 418 1091; x_wconf 89' lang='lat' dir='ltr'><strong>qnia</strong></span> <span class='ocrx_word' id='word_1_49' title='bbox 442 1016 491 1072; x_wconf 91' lang='lat' dir='ltr'><strong>tot</strong></span> <span class='ocrx_word' id='word_1_50' title='bbox 511 1025 597 1093; x_wconf 83' lang='lat' dir='ltr'><strong>ponc</strong></span> <span class='ocrx_word' id='word_1_51' title='bbox 620 1005 766 1092; x_wconf 85' lang='lat' dir='ltr'><strong>quotidie</strong></span> <span class='ocrx_word' id='word_1_52' title='bbox 787 1007 971 1092; x_wconf 86' lang='lat' dir='ltr'><strong>perimunt,</strong></span> <span class='ocrx_word' id='word_1_53' title='bbox 999 1017 1082 1094; x_wconf 89' lang='lat' dir='ltr'><strong>quot</strong></span> <span class='ocrx_word' id='word_1_54' title='bbox 1103 1029 1164 1072; x_wconf 90' lang='lat' dir='ltr'><strong>mo·</strong></span> 
     </span>
     <span class='ocr_line' id='line_1_9' title="bbox 171 1103 1165 1192; baseline 0.005 -24"><span class='ocrx_word' id='word_1_55' title='bbox 171 1103 328 1170; x_wconf 87' lang='lat' dir='ltr'><strong>rientinm</strong></span> <span class='ocrx_word' id='word_1_56' title='bbox 357 1125 541 1192; x_wconf 87' lang='lat' dir='ltr'><strong>pauperum</strong></span> <span class='ocrx_word' id='word_1_57' title='bbox 573 1104 663 1192; x_wconf 87' lang='lat' dir='ltr'><strong>apud</strong></span> <span class='ocrx_word' id='word_1_58' title='bbox 697 1128 733 1171; x_wconf 86' lang='lat' dir='ltr'><strong>se</strong></span> <span class='ocrx_word' id='word_1_59' title='bbox 763 1105 915 1172; x_wconf 86' lang='lat' dir='ltr'><strong>subsidia</strong></span> <span class='ocrx_word' id='word_1_60' title='bbox 947 1104 1165 1174; x_wconf 82' lang='lat' dir='ltr'><strong>abscondunt.</strong></span> 
     </span>
     <span class='ocr_line' id='line_1_10' title="bbox 172 1201 1164 1290; baseline 0.003 -23"><span class='ocrx_word' id='word_1_61' title='bbox 172 1201 257 1268; x_wconf 78' lang='lat' dir='ltr'><strong>Nam</strong></span> <span class='ocrx_word' id='word_1_62' title='bbox 291 1223 365 1270; x_wconf 89' lang='lat' dir='ltr'><strong>oum</strong></span> <span class='ocrx_word' id='word_1_63' title='bbox 395 1203 568 1290; x_wconf 81' lang='lat' dir='ltr'>quaelibet</span> <span class='ocrx_word' id='word_1_64' title='bbox 597 1207 789 1272; x_wconf 87' lang='lat' dir='ltr'><strong>necessaria</strong></span> <span class='ocrx_word' id='word_1_65' title='bbox 816 1204 1045 1290; x_wconf 81' lang='lat' dir='ltr'><strong>indigentibus</strong></span> <span class='ocrx_word' id='word_1_66' title='bbox 1071 1205 1164 1270; x_wconf 91' lang='lat' dir='ltr'><strong>mini·</strong></span> 
     </span>
     <span class='ocr_line' id='line_1_11' title="bbox 172 1301 1166 1390; baseline 0.002 -22"><span class='ocrx_word' id='word_1_67' title='bbox 172 1311 333 1386; x_wconf 84' lang='lat' dir='ltr'><strong>stramus,</strong></span> <span class='ocrx_word' id='word_1_68' title='bbox 371 1325 433 1369; x_wconf 89' lang='lat' dir='ltr'><strong>sua</strong></span> <span class='ocrx_word' id='word_1_69' title='bbox 455 1303 523 1368; x_wconf 88' lang='lat' dir='ltr'><strong>illis</strong></span> <span class='ocrx_word' id='word_1_70' title='bbox 545 1301 725 1384; x_wconf 88' lang='lat' dir='ltr'><strong>reddimus,</strong></span> <span class='ocrx_word' id='word_1_71' title='bbox 759 1325 826 1370; x_wconf 91' lang='lat' dir='ltr'><strong>non</strong></span> <span class='ocrx_word' id='word_1_72' title='bbox 849 1315 965 1370; x_wconf 86' lang='lat' dir='ltr'><strong>nostra</strong></span> <span class='ocrx_word' id='word_1_73' title='bbox 986 1303 1166 1390; x_wconf 86' lang='lat' dir='ltr'><strong>largimnr;</strong></span> 
     </span>
     <span class='ocr_line' id='line_1_12' title="bbox 79 1400 1164 1491; baseline 0.002 -25"><span class='ocrx_word' id='word_1_74' title='bbox 79 1425 84 1434; x_wconf 83' lang='grc'><strong><em>’</em></strong></span> <span class='ocrx_word' id='word_1_75' title='bbox 165 1403 322 1488; x_wconf 87' lang='lat' dir='ltr'><strong>justitiae</strong></span> <span class='ocrx_word' id='word_1_76' title='bbox 343 1400 491 1468; x_wconf 88' lang='lat' dir='ltr'><strong>debitum</strong></span> <span class='ocrx_word' id='word_1_77' title='bbox 515 1403 626 1491; x_wconf 90' lang='lat' dir='ltr'><strong>potius</strong></span> <span class='ocrx_word' id='word_1_78' title='bbox 648 1401 828 1484; x_wconf 88' lang='lat' dir='ltr'><strong>solvimus,</strong></span> <span class='ocrx_word' id='word_1_79' title='bbox 860 1425 959 1490; x_wconf 88' lang='lat' dir='ltr'><strong>quam</strong></span> <span class='ocrx_word' id='word_1_80' title='bbox 980 1403 1164 1470; x_wconf 88' lang='lat' dir='ltr'><strong>misericor·</strong></span> 
     </span>
     <span class='ocr_line' id='line_1_13' title="bbox 170 1499 1164 1589; baseline 0 -23"><span class='ocrx_word' id='word_1_81' title='bbox 170 1499 246 1566; x_wconf 84' lang='lat' dir='ltr'><strong>diae</strong></span> <span class='ocrx_word' id='word_1_82' title='bbox 267 1523 370 1587; x_wconf 87' lang='lat' dir='ltr'><strong>opera</strong></span> <span class='ocrx_word' id='word_1_83' title='bbox 398 1499 583 1586; x_wconf 82' lang='lat' dir='ltr'><strong>implemus.</strong></span> <span class='ocrx_word' id='word_1_84' title='bbox 626 1499 725 1566; x_wconf 85' lang='lat' dir='ltr'><strong>Unde</strong></span> <span class='ocrx_word' id='word_1_85' title='bbox 749 1511 783 1567; x_wconf 88' lang='lat' dir='ltr'><strong>et</strong></span> <span class='ocrx_word' id='word_1_86' title='bbox 808 1504 882 1589; x_wconf 88' lang='lat' dir='ltr'><strong>ipsa</strong></span> <span class='ocrx_word' id='word_1_87' title='bbox 904 1503 1060 1585; x_wconf 87' lang='lat' dir='ltr'><strong>Veritas,</strong></span> <span class='ocrx_word' id='word_1_88' title='bbox 1092 1525 1164 1569; x_wconf 87' lang='lat' dir='ltr'><strong>cum</strong></span> 
     </span>
     <span class='ocr_line' id='line_1_14' title="bbox 170 1598 1164 1690; baseline 0.002 -26"><span class='ocrx_word' id='word_1_89' title='bbox 170 1598 212 1665; x_wconf 90' lang='lat' dir='ltr'><strong>de</strong></span> <span class='ocrx_word' id='word_1_90' title='bbox 234 1600 459 1666; x_wconf 88' lang='lat' dir='ltr'><strong>misericordia</strong></span> <span class='ocrx_word' id='word_1_91' title='bbox 474 1613 569 1666; x_wconf 87' lang='lat' dir='ltr'><strong>caute</strong></span> <span class='ocrx_word' id='word_1_92' title='bbox 581 1599 772 1668; x_wconf 83' lang='lat' dir='ltr'><strong>exhibenda</strong></span> <span class='ocrx_word' id='word_1_93' title='bbox 790 1601 992 1690; x_wconf 87' lang='lat' dir='ltr'><strong>loqueretur,</strong></span> <span class='ocrx_word' id='word_1_94' title='bbox 1015 1604 1078 1667; x_wconf 86' lang='lat' dir='ltr'><strong>ait:</strong></span> <span class='ocrx_word' id='word_1_95' title='bbox 1101 1603 1164 1668; x_wconf 88' lang='lat' dir='ltr'><strong>At·</strong></span> 
     </span>
     <span class='ocr_line' id='line_1_15' title="bbox 169 1693 1164 1787; baseline 0.001 -22"><span class='ocrx_word' id='word_1_96' title='bbox 169 1693 388 1781; x_wconf 87' lang='lat' dir='ltr'><strong>tendite&#39;,</strong></span> <span class='ocrx_word' id='word_1_97' title='bbox 419 1721 466 1764; x_wconf 85' lang='lat' dir='ltr'><strong>ne</strong></span> <span class='ocrx_word' id='word_1_98' title='bbox 489 1701 728 1787; x_wconf 89' lang='lat' dir='ltr'><strong>justitiam</strong></span> <span class='ocrx_word' id='word_1_99' title='bbox 751 1712 944 1768; x_wconf 84' lang='lat' dir='ltr'><strong>vestram</strong></span> <span class='ocrx_word' id='word_1_100' title='bbox 967 1701 1164 1768; x_wconf 85' lang='lat' dir='ltr'><strong>faciatis</strong></span> 
     </span>
     <span class='ocr_line' id='line_1_16' title="bbox 171 1797 1218 1887; baseline 0.001 -23"><span class='ocrx_word' id='word_1_101' title='bbox 171 1817 320 1864; x_wconf 84' lang='lat' dir='ltr'><strong>noram</strong></span> <span class='ocrx_word' id='word_1_102' title='bbox 351 1797 662 1874; x_wconf 86' lang='lat' dir='ltr'><strong>hominibus¹l</strong></span> <span class='ocrx_word' id='word_1_103' title='bbox 713 1800 778 1868; x_wconf 78' lang='lat' dir='ltr'><strong>Oui</strong></span> <span class='ocrx_word' id='word_1_104' title='bbox 812 1823 946 1887; x_wconf 90' lang='lat' dir='ltr'><strong>quoque</strong></span> <span class='ocrx_word' id='word_1_105' title='bbox 977 1802 1163 1867; x_wconf 84' lang='lat' dir='ltr'><strong>sententiae</strong></span> <span class='ocrx_word' id='word_1_106' title='bbox 1217 1831 1218 1848; x_wconf 61' lang='lat'>1</span> 
     </span>
     <span class='ocr_line' id='line_1_17' title="bbox 170 1897 1163 1986; baseline 0.004 -24"><span class='ocrx_word' id='word_1_107' title='bbox 170 1897 270 1963; x_wconf 88' lang='lat' dir='ltr'><strong>etiam</strong></span> <span class='ocrx_word' id='word_1_108' title='bbox 291 1897 466 1984; x_wconf 86' lang='lat' dir='ltr'><strong>psalmista</strong></span> <span class='ocrx_word' id='word_1_109' title='bbox 488 1900 666 1966; x_wconf 77' lang='lat' dir='ltr'><strong>concinens</strong></span> <span class='ocrx_word' id='word_1_110' title='bbox 689 1897 790 1966; x_wconf 92' lang='lat' dir='ltr'><strong>dicit:</strong></span> <span class='ocrx_word' id='word_1_111' title='bbox 827 1899 1068 1986; x_wconf 87' lang='lat' dir='ltr'><strong>Dispersit,</strong></span> <span class='ocrx_word' id='word_1_112' title='bbox 1100 1900 1163 1966; x_wconf 89' lang='lat' dir='ltr'><strong>de·</strong></span> 
     </span>
     <span class='ocr_line' id='line_1_18' title="bbox 170 1995 1165 2087; baseline 0.001 -25"><span class='ocrx_word' id='word_1_113' title='bbox 170 1995 232 2063; x_wconf 92' lang='lat' dir='ltr'><strong>dit</strong></span> <span class='ocrx_word' id='word_1_114' title='bbox 253 1997 538 2086; x_wconf 88' lang='lat' dir='ltr'><strong>pauperibus,</strong></span> <span class='ocrx_word' id='word_1_115' title='bbox 557 2000 735 2085; x_wconf 87' lang='lat' dir='ltr'><strong>justitia</strong></span> <span class='ocrx_word' id='word_1_116' title='bbox 757 2002 854 2087; x_wconf 89' lang='lat' dir='ltr'><strong>ejus</strong></span> <span class='ocrx_word' id='word_1_117' title='bbox 875 2013 1014 2066; x_wconf 87' lang='lat' dir='ltr'><strong>manet</strong></span> <span class='ocrx_word' id='word_1_118' title='bbox 1037 2000 1082 2066; x_wconf 90' lang='lat' dir='ltr'><strong>in</strong></span> <span class='ocrx_word' id='word_1_119' title='bbox 1105 2020 1165 2063; x_wconf 87' lang='lat' dir='ltr'><strong>ae·</strong></span> 
     </span>
     <span class='ocr_line' id='line_1_19' title="bbox 169 2098 1166 2186; baseline 0.001 -22"><span class='ocrx_word' id='word_1_120' title='bbox 169 2107 338 2164; x_wconf 87' lang='lat' dir='ltr'><strong>ternum.</strong></span> <span class='ocrx_word' id='word_1_121' title='bbox 354 2098 381 2180; x_wconf 81' lang='lat'><strong>²)</strong></span> <span class='ocrx_word' id='word_1_122' title='bbox 426 2098 510 2165; x_wconf 90' lang='lat' dir='ltr'><strong>Oum</strong></span> <span class='ocrx_word' id='word_1_123' title='bbox 534 2099 620 2164; x_wconf 91' lang='lat' dir='ltr'><strong>enim</strong></span> <span class='ocrx_word' id='word_1_124' title='bbox 647 2098 839 2184; x_wconf 84' lang='lat' dir='ltr'><strong>largitatem</strong></span> <span class='ocrx_word' id='word_1_125' title='bbox 866 2101 1051 2186; x_wconf 83' lang='lat' dir='ltr'><strong>impensam</strong></span> <span class='ocrx_word' id='word_1_126' title='bbox 1083 2121 1166 2186; x_wconf 86' lang='lat' dir='ltr'><strong>pau·</strong></span> 
     </span>
     <span class='ocr_line' id='line_1_20' title="bbox 169 2196 1217 2282; baseline 0.001 -21"><span class='ocrx_word' id='word_1_127' title='bbox 169 2197 307 2278; x_wconf 87' lang='lat' dir='ltr'><strong>peribus</strong></span> <span class='ocrx_word' id='word_1_128' title='bbox 320 2197 556 2282; x_wconf 81' lang='lat' dir='ltr'><strong>praemisisset,</strong></span> <span class='ocrx_word' id='word_1_129' title='bbox 571 2221 638 2264; x_wconf 88' lang='lat' dir='ltr'><strong>non</strong></span> <span class='ocrx_word' id='word_1_130' title='bbox 652 2197 741 2264; x_wconf 88' lang='lat' dir='ltr'><strong>hanc</strong></span> <span class='ocrx_word' id='word_1_131' title='bbox 752 2220 875 2264; x_wconf 87' lang='lat' dir='ltr'><strong>vocare</strong></span> <span class='ocrx_word' id='word_1_132' title='bbox 887 2196 1162 2280; x_wconf 86' lang='lat' dir='ltr'><strong>misericordiam,</strong></span> <span class='ocrx_word' id='word_1_133' title='bbox 1216 2221 1217 2228; x_wconf 50' lang='lat'>¹</span> 
     </span>
     <span class='ocr_line' id='line_1_21' title="bbox 90 2292 1166 2384; baseline 0.001 -24"><span class='ocrx_word' id='word_1_134' title='bbox 90 2292 92 2300; x_wconf 76' lang='grc'><em>’</em></span> <span class='ocrx_word' id='word_1_135' title='bbox 171 2295 230 2360; x_wconf 89' lang='lat' dir='ltr'><strong>sed</strong></span> <span class='ocrx_word' id='word_1_136' title='bbox 248 2296 413 2383; x_wconf 90' lang='lat' dir='ltr'><strong>justitiam</strong></span> <span class='ocrx_word' id='word_1_137' title='bbox 436 2295 566 2379; x_wconf 80' lang='lat' dir='ltr'><strong>maluit3</strong></span> <span class='ocrx_word' id='word_1_138' title='bbox 590 2297 671 2381; x_wconf 86' lang='lat' dir='ltr'><strong>quia</strong></span> <span class='ocrx_word' id='word_1_139' title='bbox 693 2297 782 2384; x_wconf 91' lang='lat' dir='ltr'><strong>quod</strong></span> <span class='ocrx_word' id='word_1_140' title='bbox 805 2322 825 2362; x_wconf 92' lang='lat' dir='ltr'><strong>a</strong></span> <span class='ocrx_word' id='word_1_141' title='bbox 844 2299 1009 2363; x_wconf 89' lang='lat' dir='ltr'><strong>communi</strong></span> <span class='ocrx_word' id='word_1_142' title='bbox 1022 2296 1166 2362; x_wconf 88' lang='lat' dir='ltr'><strong>Domino</strong></span> 
     </span>
     <span class='ocr_line' id='line_1_22' title="bbox 169 2393 1162 2484; baseline -0.001 -25"><span class='ocrx_word' id='word_1_143' title='bbox 169 2393 346 2478; x_wconf 80' lang='lat' dir='ltr'><strong>tribuitur,</strong></span> <span class='ocrx_word' id='word_1_144' title='bbox 378 2397 502 2481; x_wconf 84' lang='lat' dir='ltr'><strong>justum</strong></span> <span class='ocrx_word' id='word_1_145' title='bbox 524 2395 672 2482; x_wconf 89' lang='lat' dir='ltr'><strong>profecto</strong></span> <span class='ocrx_word' id='word_1_146' title='bbox 695 2409 762 2479; x_wconf 89' lang='lat' dir='ltr'><strong>est,</strong></span> <span class='ocrx_word' id='word_1_147' title='bbox 794 2407 831 2463; x_wconf 90' lang='lat' dir='ltr'><strong>ut</strong></span> <span class='ocrx_word' id='word_1_148' title='bbox 854 2398 1054 2484; x_wconf 87' lang='lat' dir='ltr'><strong>quicumque</strong></span> <span class='ocrx_word' id='word_1_149' title='bbox 1077 2399 1162 2462; x_wconf 84' lang='lat' dir='ltr'><strong>aeci·</strong></span> 
     </span>
     <span class='ocr_line' id='line_1_23' title="bbox 167 2492 1164 2580; baseline 0.002 -23"><span class='ocrx_word' id='word_1_150' title='bbox 167 2494 278 2580; x_wconf 87' lang='lat' dir='ltr'><strong>pinnt,</strong></span> <span class='ocrx_word' id='word_1_151' title='bbox 303 2516 341 2559; x_wconf 89' lang='lat' dir='ltr'><strong>eo</strong></span> <span class='ocrx_word' id='word_1_152' title='bbox 363 2495 580 2560; x_wconf 89' lang='lat' dir='ltr'><strong>communiter</strong></span> <span class='ocrx_word' id='word_1_153' title='bbox 601 2505 747 2563; x_wconf 82' lang='lat' dir='ltr'><strong>utantur.</strong></span> <span class='ocrx_word' id='word_1_154' title='bbox 786 2497 874 2562; x_wconf 87' lang='lat' dir='ltr'><strong>Hinc</strong></span> <span class='ocrx_word' id='word_1_155' title='bbox 897 2495 996 2560; x_wconf 85' lang='lat' dir='ltr'><strong>etiam</strong></span> <span class='ocrx_word' id='word_1_156' title='bbox 1010 2492 1164 2561; x_wconf 88' lang='lat' dir='ltr'><strong>Salomon</strong></span> 
     </span>
     <span class='ocr_line' id='line_1_24' title="bbox 168 2593 1161 2681; baseline 0 -23"><span class='ocrx_word' id='word_1_157' title='bbox 168 2595 229 2660; x_wconf 88' lang='lat' dir='ltr'><strong>ait:</strong></span> <span class='ocrx_word' id='word_1_158' title='bbox 251 2593 347 2674; x_wconf 64' lang='lat' dir='ltr'><strong>&#39;Qui</strong></span> <span class='ocrx_word' id='word_1_159' title='bbox 368 2595 520 2681; x_wconf 81' lang='lat' dir='ltr'><strong>justus</strong></span> <span class='ocrx_word' id='word_1_160' title='bbox 543 2606 627 2676; x_wconf 91' lang='lat' dir='ltr'><strong>est,</strong></span> <span class='ocrx_word' id='word_1_161' title='bbox 656 2595 839 2674; x_wconf 84' lang='lat' dir='ltr'><strong>tribuet,</strong></span> <span class='ocrx_word' id='word_1_162' title='bbox 863 2606 904 2660; x_wconf 88' lang='lat' dir='ltr'><strong>et</strong></span> <span class='ocrx_word' id='word_1_163' title='bbox 927 2615 1007 2659; x_wconf 89' lang='lat' dir='ltr'><strong>non</strong></span> <span class='ocrx_word' id='word_1_164' title='bbox 1029 2616 1161 2660; x_wconf 84' lang='lat' dir='ltr'><strong>cessa·</strong></span> 
     </span>
     <span class='ocr_line' id='line_1_25' title="bbox 168 2693 1161 2782; baseline 0 -24"><span class='ocrx_word' id='word_1_165' title='bbox 168 2693 284 2780; x_wconf 64' lang='lat' dir='ltr'><strong>biti)</strong></span> <span class='ocrx_word' id='word_1_166' title='bbox 328 2693 539 2760; x_wconf 88' lang='lat' dir='ltr'><strong>Admonendi</strong></span> <span class='ocrx_word' id='word_1_167' title='bbox 562 2707 639 2760; x_wconf 88' lang='lat' dir='ltr'><strong>sunt</strong></span> <span class='ocrx_word' id='word_1_168' title='bbox 662 2717 808 2782; x_wconf 89' lang='lat' dir='ltr'><strong>quoque,</strong></span> <span class='ocrx_word' id='word_1_169' title='bbox 831 2704 868 2762; x_wconf 92' lang='lat' dir='ltr'><strong>ut</strong></span> <span class='ocrx_word' id='word_1_170' title='bbox 890 2693 1031 2760; x_wconf 87' lang='lat' dir='ltr'><strong>sollicite</strong></span> <span class='ocrx_word' id='word_1_171' title='bbox 1055 2703 1161 2759; x_wconf 85' lang='lat' dir='ltr'><strong>atten-</strong></span> 
     </span>
     <span class='ocr_line' id='line_1_26' title="bbox 168 2791 1215 2881; baseline 0.001 -24"><span class='ocrx_word' id='word_1_172' title='bbox 168 2791 262 2872; x_wconf 89' lang='lat' dir='ltr'><strong>dant,</strong></span> <span class='ocrx_word' id='word_1_173' title='bbox 287 2791 376 2878; x_wconf 90' lang='lat' dir='ltr'><strong>quod</strong></span> <span class='ocrx_word' id='word_1_174' title='bbox 396 2792 550 2875; x_wconf 84' lang='lat' dir='ltr'><strong>ficulnea,</strong></span> <span class='ocrx_word' id='word_1_175' title='bbox 574 2816 662 2881; x_wconf 90' lang='lat' dir='ltr'><strong>quae</strong></span> <span class='ocrx_word' id='word_1_176' title='bbox 684 2795 827 2862; x_wconf 89' lang='lat' dir='ltr'><strong>fructum</strong></span> <span class='ocrx_word' id='word_1_177' title='bbox 844 2815 908 2860; x_wconf 89' lang='lat' dir='ltr'><strong>non</strong></span> <span class='ocrx_word' id='word_1_178' title='bbox 931 2791 1061 2876; x_wconf 87' lang='lat' dir='ltr'><strong>habuit,</strong></span> <span class='ocrx_word' id='word_1_179' title='bbox 1086 2815 1160 2860; x_wconf 89' lang='lat' dir='ltr'><strong>oon·</strong></span> <span class='ocrx_word' id='word_1_180' title='bbox 1214 2865 1215 2872; x_wconf 9' lang='grc' dir='ltr'>χ</span> 
     </span>
     <span class='ocr_line' id='line_1_27' title="bbox 168 2891 1162 2980; baseline -0.001 -23"><span class='ocrx_word' id='word_1_181' title='bbox 168 2892 331 2958; x_wconf 82' lang='lat' dir='ltr'><strong>trahone</strong></span> <span class='ocrx_word' id='word_1_182' title='bbox 362 2891 533 2958; x_wconf 90' lang='lat' dir='ltr'><strong>districtus</strong></span> <span class='ocrx_word' id='word_1_183' title='bbox 563 2894 712 2980; x_wconf 83' lang='lat' dir='ltr'><strong>agricola</strong></span> <span class='ocrx_word' id='word_1_184' title='bbox 743 2895 913 2980; x_wconf 89' lang='lat' dir='ltr'><strong>queritur,</strong></span> <span class='ocrx_word' id='word_1_185' title='bbox 946 2891 1034 2980; x_wconf 93' lang='lat' dir='ltr'><strong>quod</strong></span> <span class='ocrx_word' id='word_1_186' title='bbox 1062 2896 1162 2958; x_wconf 87' lang='lat' dir='ltr'><strong>etiam</strong></span> 
     </span>
    </p>
   </div>
   <div class='ocr_carea' id='block_1_3' title="bbox 165 2992 1164 3578">
    <p class='ocr_par' dir='ltr' id='par_1_3' title="bbox 165 2992 1164 3578">
     <span class='ocr_line' id='line_1_28' title="bbox 166 2992 1161 3082; baseline 0.002 -26"><span class='ocrx_word' id='word_1_187' title='bbox 166 3002 291 3058; x_wconf 85' lang='lat' dir='ltr'><strong>terram</strong></span> <span class='ocrx_word' id='word_1_188' title='bbox 303 2995 488 3080; x_wconf 78' lang='lat' dir='ltr'><strong>occupavit</strong></span> <span class='ocrx_word' id='word_1_189' title='bbox 523 2993 660 3059; x_wconf 86' lang='lat' dir='ltr'><strong>Terram</strong></span> <span class='ocrx_word' id='word_1_190' title='bbox 674 2995 797 3082; x_wconf 89' lang='lat' dir='ltr'><strong>quippe</strong></span> <span class='ocrx_word' id='word_1_191' title='bbox 808 2993 952 3060; x_wconf 85' lang='lat' dir='ltr'><strong>ficulnea</strong></span> <span class='ocrx_word' id='word_1_192' title='bbox 964 2993 1036 3058; x_wconf 85' lang='lat' dir='ltr'><strong>sine</strong></span> <span class='ocrx_word' id='word_1_193' title='bbox 1050 2992 1161 3059; x_wconf 84' lang='lat' dir='ltr'><strong>fructu</strong></span> 
     </span>
     <span class='ocr_line' id='line_1_29' title="bbox 167 3089 1160 3180; baseline -0.003 -22"><span class='ocrx_word' id='word_1_194' title='bbox 167 3101 317 3180; x_wconf 87' lang='lat' dir='ltr'><strong>occupat,</strong></span> <span class='ocrx_word' id='word_1_195' title='bbox 341 3092 473 3180; x_wconf 89' lang='lat' dir='ltr'><strong>quando</strong></span> <span class='ocrx_word' id='word_1_196' title='bbox 496 3117 589 3160; x_wconf 89' lang='lat' dir='ltr'><strong>mens</strong></span> <span class='ocrx_word' id='word_1_197' title='bbox 613 3095 778 3160; x_wconf 86' lang='lat' dir='ltr'><strong>tenacium</strong></span> <span class='ocrx_word' id='word_1_198' title='bbox 799 3092 872 3174; x_wconf 89' lang='lat' dir='ltr'><strong>hoe,</strong></span> <span class='ocrx_word' id='word_1_199' title='bbox 896 3091 985 3180; x_wconf 93' lang='lat' dir='ltr'><strong>quod</strong></span> <span class='ocrx_word' id='word_1_200' title='bbox 1006 3089 1160 3173; x_wconf 85' lang='lat' dir='ltr'><strong>prodesse</strong></span> 
     </span>
     <span class='ocr_line' id='line_1_30' title="bbox 168 3187 1161 3280; baseline -0.005 -24"><span class='ocrx_word' id='word_1_201' title='bbox 168 3189 281 3258; x_wconf 89' lang='lat' dir='ltr'><strong>multis</strong></span> <span class='ocrx_word' id='word_1_202' title='bbox 307 3203 455 3280; x_wconf 86' lang='lat' dir='ltr'><strong>poterat,</strong></span> <span class='ocrx_word' id='word_1_203' title='bbox 486 3192 649 3260; x_wconf 86' lang='lat' dir='ltr'><strong>inutiliter</strong></span> <span class='ocrx_word' id='word_1_204' title='bbox 678 3203 801 3260; x_wconf 88' lang='lat' dir='ltr'><strong>servat.</strong></span> <span class='ocrx_word' id='word_1_205' title='bbox 850 3193 989 3258; x_wconf 80' lang='lat' dir='ltr'><strong>Terram</strong></span> <span class='ocrx_word' id='word_1_206' title='bbox 1019 3187 1161 3256; x_wconf 83' lang='lat' dir='ltr'><strong>fi&#39;culnea</strong></span> 
     </span>
     <span class='ocr_line' id='line_1_31' title="bbox 166 3290 1164 3378; baseline -0.005 -21"><span class='ocrx_word' id='word_1_207' title='bbox 166 3291 238 3357; x_wconf 85' lang='lat' dir='ltr'><strong>sine</strong></span> <span class='ocrx_word' id='word_1_208' title='bbox 259 3291 371 3357; x_wconf 86' lang='lat' dir='ltr'><strong>fructu</strong></span> <span class='ocrx_word' id='word_1_209' title='bbox 393 3301 550 3378; x_wconf 86' lang='lat' dir='ltr'><strong>occupat,</strong></span> <span class='ocrx_word' id='word_1_210' title='bbox 580 3291 714 3378; x_wconf 88' lang='lat' dir='ltr'><strong>quando</strong></span> <span class='ocrx_word' id='word_1_211' title='bbox 735 3290 862 3374; x_wconf 88' lang='lat' dir='ltr'><strong>locum,</strong></span> <span class='ocrx_word' id='word_1_212' title='bbox 886 3313 983 3378; x_wconf 90' lang='lat' dir='ltr'><strong>quem</strong></span> <span class='ocrx_word' id='word_1_213' title='bbox 1005 3309 1164 3356; x_wconf 84' lang='lat' dir='ltr'><strong>exercere</strong></span> 
     </span>
     <span class='ocr_line' id='line_1_32' title="bbox 165 3387 1160 3480; baseline -0.001 -25"><span class='ocrx_word' id='word_1_214' title='bbox 165 3389 254 3458; x_wconf 87' lang='lat' dir='ltr'><strong>alius</strong></span> <span class='ocrx_word' id='word_1_215' title='bbox 275 3411 336 3478; x_wconf 87' lang='lat' dir='ltr'><strong>per</strong></span> <span class='ocrx_word' id='word_1_216' title='bbox 358 3389 459 3457; x_wconf 87' lang='lat' dir='ltr'><strong>solem</strong></span> <span class='ocrx_word' id='word_1_217' title='bbox 481 3390 560 3458; x_wconf 91' lang='lat' dir='ltr'><strong>boni</strong></span> <span class='ocrx_word' id='word_1_218' title='bbox 575 3389 830 3480; x_wconf 79' lang='lat' dir='ltr'><strong>operisvaluit,</strong></span> <span class='ocrx_word' id='word_1_219' title='bbox 852 3391 975 3458; x_wconf 85' lang='lat' dir='ltr'><strong>stultus</strong></span> <span class='ocrx_word' id='word_1_220' title='bbox 991 3413 1052 3478; x_wconf 89' lang='lat' dir='ltr'><strong>per</strong></span> <span class='ocrx_word' id='word_1_221' title='bbox 1073 3387 1160 3455; x_wconf 87' lang='lat' dir='ltr'><strong>desi·</strong></span> 
     </span>
     <span class='ocr_line' id='line_1_33' title="bbox 165 3488 565 3578; baseline 0 -22"><span class='ocrx_word' id='word_1_222' title='bbox 165 3489 240 3556; x_wconf 83' lang='lat' dir='ltr'><strong>diae</strong></span> <span class='ocrx_word' id='word_1_223' title='bbox 262 3488 414 3555; x_wconf 86' lang='lat' dir='ltr'><strong>umbram</strong></span> <span class='ocrx_word' id='word_1_224' title='bbox 435 3489 565 3578; x_wconf 88' lang='lat' dir='ltr'><strong>premit.</strong></span> 
     </span>
    </p>
   </div>
   <div class='ocr_carea' id='block_1_4' title="bbox 188 3707 997 3782">
    <p class='ocr_par' dir='ltr' id='par_1_4' title="bbox 188 3707 997 3782">
     <span class='ocr_line' id='line_1_34' title="bbox 188 3707 997 3782; baseline 0.005 -20"><span class='ocrx_word' id='word_1_225' title='bbox 188 3708 212 3778; x_wconf 70' lang='grc' dir='ltr'><strong>ι)</strong></span> <span class='ocrx_word' id='word_1_226' title='bbox 231 3707 322 3762; x_wconf 71' lang='lat' dir='ltr'><strong>Motu.</strong></span> <span class='ocrx_word' id='word_1_227' title='bbox 338 3708 366 3778; x_wconf 80' lang='lat' dir='ltr'><strong>o,</strong></span> <span class='ocrx_word' id='word_1_228' title='bbox 384 3710 408 3769; x_wconf 88' lang='lat'><strong>1.</strong></span> <span class='ocrx_word' id='word_1_229' title='bbox 427 3739 459 3751; x_wconf 89' lang='lat'><em>-</em></span> <span class='ocrx_word' id='word_1_230' title='bbox 478 3711 499 3779; x_wconf 76' lang='lat'><strong>²)</strong></span> <span class='ocrx_word' id='word_1_231' title='bbox 517 3712 561 3772; x_wconf 79' lang='lat' dir='ltr'><strong>m.</strong></span> <span class='ocrx_word' id='word_1_232' title='bbox 579 3712 638 3781; x_wconf 82' lang='lat'><strong>111,</strong></span> <span class='ocrx_word' id='word_1_233' title='bbox 654 3711 679 3766; x_wconf 82' lang='lat' dir='ltr'><strong>e</strong></span> <span class='ocrx_word' id='word_1_234' title='bbox 703 3738 735 3750; x_wconf 91' lang='lat'>-</span> <span class='ocrx_word' id='word_1_235' title='bbox 755 3710 775 3779; x_wconf 78' lang='lat'><strong>¹)</strong></span> <span class='ocrx_word' id='word_1_236' title='bbox 793 3711 874 3767; x_wconf 71' lang='lat' dir='ltr'><strong>sav.</strong></span> <span class='ocrx_word' id='word_1_237' title='bbox 891 3708 935 3782; x_wconf 74' lang='lat'><strong>21,</strong></span> <span class='ocrx_word' id='word_1_238' title='bbox 953 3709 997 3766; x_wconf 78' lang='lat' dir='ltr'><strong>en</strong></span> 
     </span>
    </p>
   </div>
   <div class='ocr_carea' id='block_1_5' title="bbox 0 0 1238 4218">
    <p class='ocr_par' dir='ltr' id='par_1_5' title="bbox 0 0 1238 4218">
     <span class='ocr_line' id='line_1_35' title="bbox 0 0 1238 4218; baseline 0 2"><span class='ocrx_word' id='word_1_239' title='bbox 0 0 1238 4218; x_wconf 95' lang='lat' dir='ltr'><strong> </strong></span> 
     </span>
    </p>
   </div>
  </div>
 </body>
</html>
