2468 4218
442 277 668 368 ..m-

48 467 255 556 quiescitur,
279 477 406 556 quanta
428 463 528 556 culpa
551 489 624 534 cum
637 469 790 554 pessimis
812 490 880 554 pax
901 476 1050 549 tanetum

48 569 83 632 ci
104 565 272 657 propbeta
292 577 406 635 tantus
430 565 492 634 hoc
514 567 607 632 velut
635 567 671 633 in
692 569 835 634 hostiam
856 567 931 634 Deo
953 564 1050 633 obtu-

48 665 104 750 lit,
127 667 216 754 quod
239 678 355 734 contra
383 691 418 733 se
445 688 507 753 pro
527 666 670 732 Domino
699 688 879 751 pravorum
908 665 1049 730 inimici·
1109 691 1112 698 ·

49 768 121 832 tias
144 765 315 833 excitavit.
357 765 444 832 Hinc
465 777 525 849 est,
550 767 637 853 quod
660 766 766 832 tribus
787 767 872 832 Levi
894 765 1050 832 assumtis

48 865 179 953 gladiis
200 889 261 952 per
281 877 465 934 castrorum
474 859 583 931 me'dia
595 869 774 948 transiens,
800 867 880 952 quia
891 863 1050 932 feriendis

50 965 164 1033 noluit
187 965 419 1051 peccatoribus
448 985 604 1052 parcere,
636 965 710 1033 Deo
741 987 860 1031 manus
891 963 979 1031 dicta
1001 975 1052 1031 est

47 1085 278 1133 consecrasse.
294 1065 320 1150 ¹)
360 1065 449 1131 Hinc
461 1064 606 1130 Phinees
618 1067 825 1152 peccantium
840 1065 961 1130 civium
973 1085 1051 1147 gra·

47 1166 136 1231 tiam
158 1187 320 1251 spernens
341 1173 497 1231 coeuntes
528 1185 602 1228 cum
623 1163 821 1230 Madianitis
843 1160 997 1252 perculit,
1018 1172 1053 1226 et

48 1268 138 1331 iram
161 1264 296 1330 Domini
317 1266 421 1330 iratus
433 1263 590 1352 placavit.
604 1261 630 1350 ²)
662 1263 749 1330 Hinc
770 1263 1051 1352 persemetipsum

34 1365 191 1432 ·Veritas
212 1364 306 1430 dicit:
330 1363 471 1430 Nolite
493 1361 722 1447 arbitrari,
744 1365 845 1450 quia
867 1363 1051 1428 venerim

49 1485 199 1553 pacem
221 1465 389 1530 mittere
413 1464 451 1529 in
474 1473 639 1530 terram.
683 1463 768 1529 Non
790 1464 888 1529 veni
906 1483 1051 1546 pacem

50 1566 248 1646 mittere,
271 1563 344 1629 sed
365 1563 595 1650 gladium.·'¹)
639 1563 803 1629 Malorum
815 1584 960 1649 namque
977 1582 1052 1626 cum

50 1666 189 1730 incaute
212 1665 368 1730 amicitiis
394 1666 569 1752 jungimur·
578 1713 588 1746 ,
621 1665 731 1752 culpis
752 1663 906 1749 ligamur.
951 1659 1050 1728 Unde

49 1761 236 1849 iosaphat,
259 1765 316 1851 qui
338 1773 386 1829 tot
407 1761 448 1828 de
471 1773 627 1830 anteacta
649 1765 719 1830 vita
741 1763 930 1852 praeconiis
952 1759 1051 1827 attol-
1171 1781 1174 1784 ·

50 1861 157 1944 litut,
190 1861 229 1926 de
250 1862 369 1928 Achab
391 1864 481 1948 regis
510 1864 666 1928 amicitiis
696 1883 780 1949 pene
809 1862 978 1949 periturus
1001 1862 1051 1926 in·

51 1967 221 2047 crepatur.
277 1961 343 2028 Oui
373 1986 393 2027 a
421 1963 563 2028 Domino
594 1985 655 2048 per
689 1961 885 2048 prophetam
915 1960 1051 2026 dicitur:

52 2061 191 2148 Impio
213 2062 393 2148 praebes
415 2061 645 2140 auxilium,
678 2059 821 2124 ethis
851 2059 928 2146 qui
958 2058 1052 2124 ode·

52 2170 153 2226 runt
181 2159 421 2245 Dominum,
455 2161 649 2226 amicitia
672 2160 896 2248 jungeris,
926 2169 966 2224 et
995 2156 1050 2222 id·

53 2261 172 2326 circo
193 2261 299 2324 iram
323 2261 487 2348 quidem
509 2259 683 2328 Domini
703 2255 1053 2340 merebaris,‚sed

54 2361 166 2426 bona
187 2381 318 2448 opera
339 2360 509 2426 inventa
532 2374 629 2426 sunt
651 2361 691 2426 in
712 2371 765 2442 te,
788 2379 831 2425 eo
855 2356 962 2445 quod
984 2354 1051 2421 ab·

54 2459 237 2525 etuleris
257 2459 375 2526 lucos
399 2459 447 2524 de
470 2471 583 2525 terra
605 2460 765 2545 Judal)
808 2457 861 2524 Ab
875 2456 935 2522 illo
951 2457 1050 2538 enim,

54 2563 116 2645 qui
139 2582 262 2626 summe
283 2570 395 2628 rectus
418 2571 489 2644 cst,
522 2581 562 2626 eo
586 2561 660 2648 ipso
677 2562 749 2648 jam
771 2557 956 2644 discrepat,
986 2578 1052 2643 quo

54 2681 289 2746 perversorum
307 2661 462 2726 amicitiis
484 2663 555 2726 vita
575 2671 689 2728 nostra
701 2657 887 2724 concordat.
929 2656 1052 2723 Admo-

54 2757 158 2825 nendi
180 2770 258 2824 sunt
280 2761 408 2846 pacati,
432 2783 473 2826 ne
495 2762 524 2826 si
545 2758 590 2824 ad
612 2759 828 2845 correptionis
850 2757 955 2824 verba
976 2779 1053 2845 pro·
1173 2821 1177 2832 ,

55 2859 186 2943 siliunt,
209 2859 424 2946 temporalem
435 2882 551 2947 pacem
569 2859 635 2924 sibi
648 2857 845 2945 perturbare
866 2856 1053 2926 formident.

54 2962 270 3047 Rursumque
293 2959 490 3026 admonendi
512 2969 608 3040 sunt,
634 2967 672 3023 ut
695 2957 844 3022 eamdem
865 2981 981 3044 pacem
1003 2955 1051 3020 di·

55 3060 197 3126 lectione
218 3061 350 3144 integra
370 3059 571 3124 intrinsecus
596 3046 753 3141 teneant,
784 3080 883 3145 quam
912 3079 973 3144 per
1002 3057 1052 3120 in·

55 3159 240 3225 vectionem
250 3160 342 3224 vocis
354 3156 418 3223 sibi
430 3160 639 3224 extrinsecus
653 3156 798 3224 turbant
821 3155 1052 3236 Quodutrum-

57 3279 124 3346 que
145 3257 286 3344 provide
309 3281 344 3324 se
360 3227 480 3325 bavid
502 3280 654 3324 servasse
676 3256 840 3345 perhibet,
863 3276 938 3321 oum
960 3252 1053 3318 dicit:

58 3357 161 3423 Cum
187 3355 268 3440 his,
298 3358 370 3445 qui
398 3357 585 3423 oderunt
610 3375 778 3444 pacem,
814 3373 922 3420 eram
944 3351 1053 3438 paci·

8 3537 10 3540 ¹
55 3457 196 3524 ficus:
225 3479 312 3522 cum
342 3454 556 3544 loquebar
588 3457 705 3537 illis,
740 3450 1057 3542 impugnabant

85 3669 107 3736 ⁸>
125 3669 209 3722 Exul.
226 3667 278 3731 32,
302 3670 345 3723 at.
373 3697 405 3709 -
429 3668 450 3732 ¹)
468 3670 542 3722 Num.
560 3667 610 3733 25,
633 3668 659 3721 9.
687 3695 718 3706 -
747 3663 769 3735 ⁸)
786 3663 878 3719 urim.
896 3663 943 3731 10,
961 3659 1003 3722 tl.
1020 3659 1058 3708 -·'-

128 3752 152 3826 ⁴)
168 3756 194 3810 a.
212 3756 272 3809 ru.
292 3755 334 3823 rs,
351 3751 395 3811 aa
