<?xml version="1.0" encoding="UTF-8"?>
<!DOCTYPE html PUBLIC "-//W3C//DTD XHTML 1.0 Transitional//EN"
    "http://www.w3.org/TR/xhtml1/DTD/xhtml1-transitional.dtd">
<html xmlns="http://www.w3.org/1999/xhtml" xml:lang="en" lang="en">
 <head>
  <title>
</title>
<meta http-equiv="Content-Type" content="text/html;charset=utf-8" />
  <meta name='ocr-system' content='tesseract 3.04.00' />
  <meta name='ocr-capabilities' content='ocr_page ocr_carea ocr_par ocr_line ocrx_word'/>
</head>
<body>
  <div class='ocr_page' id='page_1' title='image "./depastoralicura00greggoog_0112.png"; bbox 0 0 2468 4218; ppageno 0'>
   <div class='ocr_carea' id='block_1_1' title="bbox 488 240 694 306">
    <p class='ocr_par' dir='ltr' id='par_1_1' title="bbox 488 240 694 306">
     <span class='ocr_line' id='line_1_1' title="bbox 488 240 694 306; baseline 0.005 -16"><span class='ocrx_word' id='word_1_1' title='bbox 488 240 694 306; x_wconf 67' lang='lat'>..39-</span> 
     </span>
    </p>
   </div>
   <div class='ocr_carea' id='block_1_2' title="bbox 81 403 1089 1566">
    <p class='ocr_par' dir='ltr' id='par_1_2' title="bbox 81 403 1089 1566">
     <span class='ocr_line' id='line_1_2' title="bbox 81 403 1089 496; baseline 0.006 -22"><span class='ocrx_word' id='word_1_2' title='bbox 81 408 149 474; x_wconf 87' lang='lat' dir='ltr'><strong>cit</strong></span> <span class='ocrx_word' id='word_1_3' title='bbox 170 414 219 472; x_wconf 89' lang='lat' dir='ltr'><strong>te.</strong></span> <span class='ocrx_word' id='word_1_4' title='bbox 235 403 261 492; x_wconf 86' lang='lat'><strong>²)</strong></span> <span class='ocrx_word' id='word_1_5' title='bbox 305 403 522 492; x_wconf 87' lang='lat' dir='ltr'><strong>Impudenter</strong></span> <span class='ocrx_word' id='word_1_6' title='bbox 544 428 677 496; x_wconf 89' lang='lat' dir='ltr'><strong>quoque</strong></span> <span class='ocrx_word' id='word_1_7' title='bbox 690 407 923 496; x_wconf 73' lang='lat' dir='ltr'><strong>delinquentes</strong></span> <span class='ocrx_word' id='word_1_8' title='bbox 948 411 1089 480; x_wconf 70' lang='lat' dir='ltr'><strong>cautas</strong></span> 
     </span>
     <span class='ocr_line' id='line_1_3' title="bbox 82 504 1088 594; baseline 0.008 -25"><span class='ocrx_word' id='word_1_9' title='bbox 82 513 207 592; x_wconf 85' lang='lat' dir='ltr'><strong>aperte</strong></span> <span class='ocrx_word' id='word_1_10' title='bbox 230 504 356 571; x_wconf 84' lang='lat' dir='ltr'><strong>Paulus</strong></span> <span class='ocrx_word' id='word_1_11' title='bbox 377 505 541 594; x_wconf 75' lang='lat' dir='ltr'><strong>increpat,</strong></span> <span class='ocrx_word' id='word_1_12' title='bbox 564 505 698 574; x_wconf 88' lang='lat' dir='ltr'><strong>dicens:</strong></span> <span class='ocrx_word' id='word_1_13' title='bbox 721 505 750 572; x_wconf 94' lang='grc' dir='ltr'><strong>Ο</strong></span> <span class='ocrx_word' id='word_1_14' title='bbox 774 508 990 576; x_wconf 78' lang='lat' dir='ltr'>insensati</span> <span class='ocrx_word' id='word_1_15' title='bbox 1013 510 1088 577; x_wconf 76' lang='lat' dir='ltr'><strong>Ga·</strong></span> 
     </span>
     <span class='ocr_line' id='line_1_4' title="bbox 82 603 1086 694; baseline 0.008 -25"><span class='ocrx_word' id='word_1_16' title='bbox 82 603 235 687; x_wconf 86' lang='lat' dir='ltr'><strong>latae,</strong></span> <span class='ocrx_word' id='word_1_17' title='bbox 265 605 363 691; x_wconf 89' lang='lat' dir='ltr'><strong>quis</strong></span> <span class='ocrx_word' id='word_1_18' title='bbox 398 626 471 672; x_wconf 88' lang='lat' dir='ltr'><strong>vos</strong></span> <span class='ocrx_word' id='word_1_19' title='bbox 503 605 825 694; x_wconf 83' lang='lat' dir='ltr'><strong>fascinavit?²)</strong></span> <span class='ocrx_word' id='word_1_20' title='bbox 869 610 914 676; x_wconf 82' lang='lat' dir='ltr'><strong>Et</strong></span> <span class='ocrx_word' id='word_1_21' title='bbox 942 633 1086 677; x_wconf 89' lang='lat' dir='ltr'><strong>rursum:</strong></span> 
     </span>
     <span class='ocr_line' id='line_1_5' title="bbox 85 702 1088 795; baseline 0.008 -27"><span class='ocrx_word' id='word_1_22' title='bbox 85 702 161 776; x_wconf 85' lang='lat' dir='ltr'><strong>Sic</strong></span> <span class='ocrx_word' id='word_1_23' title='bbox 185 703 311 770; x_wconf 88' lang='lat' dir='ltr'><strong>stulti</strong></span> <span class='ocrx_word' id='word_1_24' title='bbox 333 705 458 786; x_wconf 88' lang='lat' dir='ltr'><strong>estis,</strong></span> <span class='ocrx_word' id='word_1_25' title='bbox 480 713 525 770; x_wconf 87' lang='lat' dir='ltr'><strong>nt</strong></span> <span class='ocrx_word' id='word_1_26' title='bbox 547 728 635 772; x_wconf 90' lang='lat' dir='ltr'><strong>cum</strong></span> <span class='ocrx_word' id='word_1_27' title='bbox 657 708 816 793; x_wconf 89' lang='lat' dir='ltr'><strong>spiritu</strong></span> <span class='ocrx_word' id='word_1_28' title='bbox 838 710 1088 795; x_wconf 83' lang='lat' dir='ltr'><strong>coeperitis,</strong></span> 
     </span>
     <span class='ocr_line' id='line_1_6' title="bbox 84 805 1087 896; baseline 0.007 -28"><span class='ocrx_word' id='word_1_29' title='bbox 84 823 201 869; x_wconf 88' lang='lat' dir='ltr'><strong>nunc</strong></span> <span class='ocrx_word' id='word_1_30' title='bbox 230 825 361 869; x_wconf 86' lang='lat' dir='ltr'><strong>carne</strong></span> <span class='ocrx_word' id='word_1_31' title='bbox 388 805 807 891; x_wconf 79' lang='lat' dir='ltr'><strong>consummamini?³)</strong></span> <span class='ocrx_word' id='word_1_32' title='bbox 851 807 976 896; x_wconf 81' lang='lat' dir='ltr'><strong>Culpas</strong></span> <span class='ocrx_word' id='word_1_33' title='bbox 1006 831 1087 875; x_wconf 91' lang='lat' dir='ltr'><strong>vero</strong></span> 
     </span>
     <span class='ocr_line' id='line_1_7' title="bbox 83 903 1085 995; baseline 0.006 -27"><span class='ocrx_word' id='word_1_34' title='bbox 83 903 390 970; x_wconf 76' lang='lat' dir='ltr'><strong>verecundantium</strong></span> <span class='ocrx_word' id='word_1_35' title='bbox 420 904 518 991; x_wconf 84' lang='lat' dir='ltr'><strong>quasi</strong></span> <span class='ocrx_word' id='word_1_36' title='bbox 538 907 746 995; x_wconf 85' lang='lat' dir='ltr'><strong>compatiens</strong></span> <span class='ocrx_word' id='word_1_37' title='bbox 771 906 1005 993; x_wconf 86' lang='lat' dir='ltr'><strong>reprehendit,</strong></span> <span class='ocrx_word' id='word_1_38' title='bbox 1036 908 1085 974; x_wconf 92' lang='lat' dir='ltr'><strong>di-</strong></span> 
     </span>
     <span class='ocr_line' id='line_1_8' title="bbox 83 1000 1084 1094; baseline 0.007 -26"><span class='ocrx_word' id='word_1_39' title='bbox 83 1025 188 1068; x_wconf 88' lang='lat' dir='ltr'><strong>cens:</strong></span> <span class='ocrx_word' id='word_1_40' title='bbox 220 1000 406 1069; x_wconf 80' lang='lat' dir='ltr'><strong>Gavisus</strong></span> <span class='ocrx_word' id='word_1_41' title='bbox 429 1027 515 1070; x_wconf 90' lang='lat' dir='ltr'><strong>sum</strong></span> <span class='ocrx_word' id='word_1_42' title='bbox 536 1005 578 1069; x_wconf 90' lang='lat' dir='ltr'><strong>in</strong></span> <span class='ocrx_word' id='word_1_43' title='bbox 597 1004 775 1071; x_wconf 92' lang='lat' dir='ltr'><strong>Domino</strong></span> <span class='ocrx_word' id='word_1_44' title='bbox 800 1004 1084 1094; x_wconf 89' lang='lat' dir='ltr'><strong>vehementer,</strong></span> 
     </span>
     <span class='ocr_line' id='line_1_9' title="bbox 84 1101 1085 1191; baseline 0.007 -25"><span class='ocrx_word' id='word_1_45' title='bbox 84 1103 294 1189; x_wconf 87' lang='lat' dir='ltr'><strong>quoniam</strong></span> <span class='ocrx_word' id='word_1_46' title='bbox 327 1101 496 1167; x_wconf 83' lang='lat' dir='ltr'><strong>tandem</strong></span> <span class='ocrx_word' id='word_1_47' title='bbox 529 1103 771 1191; x_wconf 86' lang='lat' dir='ltr'><strong>aliquando</strong></span> <span class='ocrx_word' id='word_1_48' title='bbox 805 1105 1085 1173; x_wconf 81' lang='lat' dir='ltr'><strong>refloruistis</strong></span> 
     </span>
     <span class='ocr_line' id='line_1_10' title="bbox 82 1203 1085 1287; baseline 0.007 -22"><span class='ocrx_word' id='word_1_49' title='bbox 82 1221 163 1287; x_wconf 92' lang='lat' dir='ltr'><strong>pro</strong></span> <span class='ocrx_word' id='word_1_50' title='bbox 190 1222 249 1265; x_wconf 91' lang='lat' dir='ltr'><strong>me</strong></span> <span class='ocrx_word' id='word_1_51' title='bbox 277 1203 433 1268; x_wconf 89' lang='lat' dir='ltr'><strong>sentire</strong></span> <span class='ocrx_word' id='word_1_52' title='bbox 456 1203 568 1268; x_wconf 89' lang='lat' dir='ltr'><strong>sicut</strong></span> <span class='ocrx_word' id='word_1_53' title='bbox 589 1213 626 1268; x_wconf 90' lang='lat' dir='ltr'><strong>et</strong></span> <span class='ocrx_word' id='word_1_54' title='bbox 656 1203 937 1287; x_wconf 83' lang='lat' dir='ltr'><strong>sentiebatis3</strong></span> <span class='ocrx_word' id='word_1_55' title='bbox 969 1229 1085 1272; x_wconf 90' lang='lat' dir='ltr'><strong>occu-</strong></span> 
     </span>
     <span class='ocr_line' id='line_1_11' title="bbox 82 1301 1082 1392; baseline 0.007 -28"><span class='ocrx_word' id='word_1_56' title='bbox 82 1301 181 1388; x_wconf 87' lang='lat' dir='ltr'><strong>pati</strong></span> <span class='ocrx_word' id='word_1_57' title='bbox 203 1301 308 1366; x_wconf 90' lang='lat' dir='ltr'><strong>euim</strong></span> <span class='ocrx_word' id='word_1_58' title='bbox 337 1301 534 1386; x_wconf 78' lang='lat' dir='ltr'><strong>eretis,‘⁸)</strong></span> <span class='ocrx_word' id='word_1_59' title='bbox 563 1312 600 1369; x_wconf 92' lang='lat' dir='ltr'><strong>ut</strong></span> <span class='ocrx_word' id='word_1_60' title='bbox 622 1311 656 1368; x_wconf 92' lang='lat' dir='ltr'><strong>et</strong></span> <span class='ocrx_word' id='word_1_61' title='bbox 677 1302 811 1370; x_wconf 90' lang='lat' dir='ltr'><strong>illorum</strong></span> <span class='ocrx_word' id='word_1_62' title='bbox 834 1304 953 1392; x_wconf 86' lang='lat' dir='ltr'><strong>culpas</strong></span> <span class='ocrx_word' id='word_1_63' title='bbox 975 1307 1082 1372; x_wconf 87' lang='lat' dir='ltr'><strong>incre·</strong></span> 
     </span>
     <span class='ocr_line' id='line_1_12' title="bbox 81 1399 1084 1490; baseline 0.008 -26"><span class='ocrx_word' id='word_1_64' title='bbox 81 1400 181 1486; x_wconf 86' lang='lat' dir='ltr'><strong>patio</strong></span> <span class='ocrx_word' id='word_1_65' title='bbox 203 1399 288 1466; x_wconf 80' lang='lat' dir='ltr'><strong>dura</strong></span> <span class='ocrx_word' id='word_1_66' title='bbox 310 1401 491 1487; x_wconf 86' lang='lat' dir='ltr'><strong>detegeret,</strong></span> <span class='ocrx_word' id='word_1_67' title='bbox 514 1400 685 1469; x_wconf 88' lang='lat' dir='ltr'><strong>ethorum</strong></span> <span class='ocrx_word' id='word_1_68' title='bbox 698 1403 941 1490; x_wconf 82' lang='lat' dir='ltr'><strong>negligentiam</strong></span> <span class='ocrx_word' id='word_1_69' title='bbox 955 1404 1084 1472; x_wconf 86' lang='lat' dir='ltr'><strong>mollior</strong></span> 
     </span>
     <span class='ocr_line' id='line_1_13' title="bbox 82 1499 359 1566; baseline 0.007 -2"><span class='ocrx_word' id='word_1_70' title='bbox 82 1521 198 1564; x_wconf 86' lang='lat' dir='ltr'><strong>sermo</strong></span> <span class='ocrx_word' id='word_1_71' title='bbox 220 1499 359 1566; x_wconf 87' lang='lat' dir='ltr'><strong>velaret.</strong></span> 
     </span>
    </p>
   </div>
   <div class='ocr_carea' id='block_1_3' title="bbox 395 1651 769 1720">
    <p class='ocr_par' dir='ltr' id='par_1_3' title="bbox 395 1651 769 1720">
     <span class='ocr_line' id='line_1_14' title="bbox 395 1651 769 1720; baseline 0 -2"><span class='ocrx_word' id='word_1_72' title='bbox 395 1651 629 1720; x_wconf 80' lang='lat' dir='ltr'>CAPUT</span> <span class='ocrx_word' id='word_1_73' title='bbox 673 1655 769 1720; x_wconf 91' lang='lat' dir='ltr'><strong>VIII.</strong></span> 
     </span>
    </p>
   </div>
   <div class='ocr_carea' id='block_1_4' title="bbox 110 1771 1058 1841">
    <p class='ocr_par' dir='ltr' id='par_1_4' title="bbox 110 1771 1058 1841">
     <span class='ocr_line' id='line_1_15' title="bbox 110 1771 1058 1841; baseline 0.002 -17"><span class='ocrx_word' id='word_1_74' title='bbox 110 1771 289 1840; x_wconf 82' lang='lat' dir='ltr'><strong>Quomodo</strong></span> <span class='ocrx_word' id='word_1_75' title='bbox 313 1772 521 1824; x_wconf 83' lang='lat' dir='ltr'><strong>admonendi</strong></span> <span class='ocrx_word' id='word_1_76' title='bbox 545 1773 699 1840; x_wconf 85' lang='lat' dir='ltr'><strong>protervi</strong></span> <span class='ocrx_word' id='word_1_77' title='bbox 727 1777 757 1826; x_wconf 89' lang='lat' dir='ltr'><strong>et</strong></span> <span class='ocrx_word' id='word_1_78' title='bbox 785 1774 1058 1841; x_wconf 83' lang='lat' dir='ltr'><strong>pusillanimes.</strong></span> 
     </span>
    </p>
   </div>
   <div class='ocr_carea' id='block_1_5' title="bbox 78 1887 1123 3460">
    <p class='ocr_par' dir='ltr' id='par_1_5' title="bbox 78 1887 1123 2871">
     <span class='ocr_line' id='line_1_16' title="bbox 148 1887 1082 1979; baseline 0.007 -26"><span class='ocrx_word' id='word_1_79' title='bbox 148 1887 257 1954; x_wconf 85' lang='lat' dir='ltr'><strong>Aliter</strong></span> <span class='ocrx_word' id='word_1_80' title='bbox 279 1887 479 1954; x_wconf 87' lang='lat' dir='ltr'><strong>admonendi</strong></span> <span class='ocrx_word' id='word_1_81' title='bbox 502 1900 579 1955; x_wconf 90' lang='lat' dir='ltr'><strong>suut</strong></span> <span class='ocrx_word' id='word_1_82' title='bbox 599 1891 761 1977; x_wconf 90' lang='lat' dir='ltr'><strong>protervi,</strong></span> <span class='ocrx_word' id='word_1_83' title='bbox 785 1899 886 1976; x_wconf 87' lang='lat' dir='ltr'><strong>atque</strong></span> <span class='ocrx_word' id='word_1_84' title='bbox 901 1892 999 1958; x_wconf 88' lang='lat' dir='ltr'><strong>aliter</strong></span> <span class='ocrx_word' id='word_1_85' title='bbox 1022 1914 1082 1979; x_wconf 90' lang='lat' dir='ltr'><strong>pu-</strong></span> 
     </span>
     <span class='ocr_line' id='line_1_17' title="bbox 80 1986 1082 2076; baseline 0.002 -22"><span class='ocrx_word' id='word_1_86' title='bbox 80 1987 281 2054; x_wconf 87' lang='lat' dir='ltr'><strong>sillanimes.</strong></span> <span class='ocrx_word' id='word_1_87' title='bbox 324 1986 384 2052; x_wconf 91' lang='lat' dir='ltr'><strong>Illi</strong></span> <span class='ocrx_word' id='word_1_88' title='bbox 406 1988 494 2052; x_wconf 91' lang='lat' dir='ltr'><strong>enim</strong></span> <span class='ocrx_word' id='word_1_89' title='bbox 516 1988 594 2054; x_wconf 90' lang='lat' dir='ltr'><strong>dum</strong></span> <span class='ocrx_word' id='word_1_90' title='bbox 607 1987 706 2054; x_wconf 84' lang='lat' dir='ltr'><strong>valde</strong></span> <span class='ocrx_word' id='word_1_91' title='bbox 728 1988 769 2054; x_wconf 90' lang='lat' dir='ltr'><strong>de</strong></span> <span class='ocrx_word' id='word_1_92' title='bbox 791 2011 828 2054; x_wconf 88' lang='lat' dir='ltr'><strong>se</strong></span> <span class='ocrx_word' id='word_1_93' title='bbox 850 2001 1082 2076; x_wconf 88' lang='lat' dir='ltr'><strong>praesumunt,</strong></span> 
     </span>
     <span class='ocr_line' id='line_1_18' title="bbox 80 2086 1083 2177; baseline 0.003 -22"><span class='ocrx_word' id='word_1_94' title='bbox 80 2086 319 2177; x_wconf 82' lang='lat' dir='ltr'><strong>exprobrando</strong></span> <span class='ocrx_word' id='word_1_95' title='bbox 348 2098 475 2155; x_wconf 86' lang='lat' dir='ltr'><strong>ceteros</strong></span> <span class='ocrx_word' id='word_1_96' title='bbox 506 2087 748 2172; x_wconf 81' lang='lat' dir='ltr'><strong>dedignantur3</strong></span> <span class='ocrx_word' id='word_1_97' title='bbox 782 2089 840 2152; x_wconf 89' lang='lat' dir='ltr'><strong>isti</strong></span> <span class='ocrx_word' id='word_1_98' title='bbox 872 2099 984 2154; x_wconf 85' lang='lat' dir='ltr'><strong>autem</strong></span> <span class='ocrx_word' id='word_1_99' title='bbox 1006 2089 1083 2158; x_wconf 88' lang='lat' dir='ltr'><strong>dum</strong></span> 
     </span>
     <span class='ocr_line' id='line_1_19' title="bbox 78 2185 1083 2273; baseline -0.003 -18"><span class='ocrx_word' id='word_1_100' title='bbox 78 2188 183 2255; x_wconf 89' lang='lat' dir='ltr'><strong>nimis</strong></span> <span class='ocrx_word' id='word_1_101' title='bbox 205 2188 406 2254; x_wconf 86' lang='lat' dir='ltr'><strong>infirmitatis</strong></span> <span class='ocrx_word' id='word_1_102' title='bbox 439 2209 519 2254; x_wconf 78' lang='lat' dir='ltr'><strong>suae</strong></span> <span class='ocrx_word' id='word_1_103' title='bbox 553 2195 631 2254; x_wconf 89' lang='lat' dir='ltr'><strong>sunt</strong></span> <span class='ocrx_word' id='word_1_104' title='bbox 651 2187 795 2267; x_wconf 88' lang='lat' dir='ltr'><strong>conscii,</strong></span> <span class='ocrx_word' id='word_1_105' title='bbox 824 2185 1023 2273; x_wconf 89' lang='lat' dir='ltr'><strong>plerumque</strong></span> <span class='ocrx_word' id='word_1_106' title='bbox 1046 2193 1083 2253; x_wconf 94' lang='lat' dir='ltr'><strong>in</strong></span> 
     </span>
     <span class='ocr_line' id='line_1_20' title="bbox 80 2284 1080 2375; baseline -0.002 -21"><span class='ocrx_word' id='word_1_107' title='bbox 80 2285 354 2375; x_wconf 80' lang='lat' dir='ltr'><strong>desperationem</strong></span> <span class='ocrx_word' id='word_1_108' title='bbox 376 2285 508 2354; x_wconf 82' lang='lat' dir='ltr'><strong>cadunt.</strong></span> <span class='ocrx_word' id='word_1_109' title='bbox 549 2284 610 2351; x_wconf 91' lang='lat' dir='ltr'><strong>Illi</strong></span> <span class='ocrx_word' id='word_1_110' title='bbox 632 2285 846 2370; x_wconf 79' lang='lat' dir='ltr'><strong>singulariter</strong></span> <span class='ocrx_word' id='word_1_111' title='bbox 875 2309 1003 2354; x_wconf 85' lang='lat' dir='ltr'><strong>summa</strong></span> <span class='ocrx_word' id='word_1_112' title='bbox 1024 2309 1080 2352; x_wconf 82' lang='lat' dir='ltr'><strong>ae·</strong></span> 
     </span>
     <span class='ocr_line' id='line_1_21' title="bbox 81 2383 1082 2473; baseline -0.002 -19"><span class='ocrx_word' id='word_1_113' title='bbox 81 2387 222 2454; x_wconf 81' lang='lat' dir='ltr'><strong>stimant</strong></span> <span class='ocrx_word' id='word_1_114' title='bbox 232 2394 365 2470; x_wconf 83' lang='lat' dir='ltr'><strong>cuncta,</strong></span> <span class='ocrx_word' id='word_1_115' title='bbox 380 2408 467 2473; x_wconf 86' lang='lat' dir='ltr'><strong>quae</strong></span> <span class='ocrx_word' id='word_1_116' title='bbox 483 2394 604 2472; x_wconf 76' lang='lat' dir='ltr'><strong>agunt5</strong></span> <span class='ocrx_word' id='word_1_117' title='bbox 626 2385 684 2451; x_wconf 88' lang='lat' dir='ltr'><strong>lsti</strong></span> <span class='ocrx_word' id='word_1_118' title='bbox 693 2383 907 2452; x_wconf 89' lang='lat' dir='ltr'><strong>vehementer</strong></span> <span class='ocrx_word' id='word_1_119' title='bbox 924 2385 1082 2473; x_wconf 88' lang='lat' dir='ltr'><strong>despecta</strong></span> 
     </span>
     <span class='ocr_line' id='line_1_22' title="bbox 79 2479 1123 2574; baseline 0 -24"><span class='ocrx_word' id='word_1_120' title='bbox 79 2493 207 2574; x_wconf 89' lang='lat' dir='ltr'><strong>putant</strong></span> <span class='ocrx_word' id='word_1_121' title='bbox 228 2507 314 2568; x_wconf 89' lang='lat' dir='ltr'><strong>esse,</strong></span> <span class='ocrx_word' id='word_1_122' title='bbox 338 2506 425 2570; x_wconf 85' lang='lat' dir='ltr'><strong>quae</strong></span> <span class='ocrx_word' id='word_1_123' title='bbox 446 2485 587 2568; x_wconf 85' lang='lat' dir='ltr'><strong>faciunt,</strong></span> <span class='ocrx_word' id='word_1_124' title='bbox 609 2495 643 2550; x_wconf 90' lang='lat' dir='ltr'><strong>et</strong></span> <span class='ocrx_word' id='word_1_125' title='bbox 664 2484 787 2551; x_wconf 89' lang='lat' dir='ltr'><strong>idcirco</strong></span> <span class='ocrx_word' id='word_1_126' title='bbox 800 2485 836 2550; x_wconf 90' lang='lat' dir='ltr'><strong>in</strong></span> <span class='ocrx_word' id='word_1_127' title='bbox 847 2484 1080 2572; x_wconf 83' lang='lat' dir='ltr'><strong>desperatione</strong></span> <span class='ocrx_word' id='word_1_128' title='bbox 1122 2479 1123 2482; x_wconf 46' lang='lat'>&#39;</span> 
     </span>
     <span class='ocr_line' id='line_1_23' title="bbox 79 2583 1081 2670; baseline -0.004 -20"><span class='ocrx_word' id='word_1_129' title='bbox 79 2587 297 2670; x_wconf 82' lang='lat' dir='ltr'><strong>franguntur.</strong></span> <span class='ocrx_word' id='word_1_130' title='bbox 350 2583 524 2652; x_wconf 83' lang='lat' dir='ltr'><strong>Subtiliter</strong></span> <span class='ocrx_word' id='word_1_131' title='bbox 539 2585 668 2670; x_wconf 83' lang='lat' dir='ltr'><strong>itaque</strong></span> <span class='ocrx_word' id='word_1_132' title='bbox 698 2583 742 2650; x_wconf 87' lang='lat' dir='ltr'><strong>ab</strong></span> <span class='ocrx_word' id='word_1_133' title='bbox 778 2590 940 2667; x_wconf 83' lang='lat' dir='ltr'><strong>urguente</strong></span> <span class='ocrx_word' id='word_1_134' title='bbox 971 2583 1081 2648; x_wconf 87' lang='lat' dir='ltr'><strong>discu-</strong></span> 
     </span>
     <span class='ocr_line' id='line_1_24' title="bbox 79 2679 1078 2772; baseline -0.002 -23"><span class='ocrx_word' id='word_1_135' title='bbox 79 2683 198 2760; x_wconf 85' lang='lat' dir='ltr'><strong>tienda</strong></span> <span class='ocrx_word' id='word_1_136' title='bbox 219 2694 297 2751; x_wconf 89' lang='lat' dir='ltr'><strong>sunt</strong></span> <span class='ocrx_word' id='word_1_137' title='bbox 317 2706 421 2772; x_wconf 85' lang='lat' dir='ltr'><strong>opera</strong></span> <span class='ocrx_word' id='word_1_138' title='bbox 441 2693 690 2771; x_wconf 89' lang='lat' dir='ltr'><strong>protervorum,</strong></span> <span class='ocrx_word' id='word_1_139' title='bbox 714 2683 809 2748; x_wconf 91' lang='lat' dir='ltr'><strong>utin</strong></span> <span class='ocrx_word' id='word_1_140' title='bbox 832 2703 898 2767; x_wconf 91' lang='lat' dir='ltr'><strong>quo</strong></span> <span class='ocrx_word' id='word_1_141' title='bbox 922 2680 985 2746; x_wconf 89' lang='lat' dir='ltr'><strong>sibi</strong></span> <span class='ocrx_word' id='word_1_142' title='bbox 1008 2679 1078 2767; x_wconf 82' lang='lat' dir='ltr'><strong>pla-</strong></span> 
     </span>
     <span class='ocr_line' id='line_1_25' title="bbox 78 2781 834 2871; baseline -0.009 -19"><span class='ocrx_word' id='word_1_143' title='bbox 78 2791 172 2866; x_wconf 85' lang='lat' dir='ltr'><strong>cent,</strong></span> <span class='ocrx_word' id='word_1_144' title='bbox 195 2784 425 2867; x_wconf 84' lang='lat' dir='ltr'><strong>ostendantur,</strong></span> <span class='ocrx_word' id='word_1_145' title='bbox 450 2784 532 2871; x_wconf 84' lang='lat' dir='ltr'><strong>quia</strong></span> <span class='ocrx_word' id='word_1_146' title='bbox 552 2783 626 2850; x_wconf 86' lang='lat' dir='ltr'><strong>Deo</strong></span> <span class='ocrx_word' id='word_1_147' title='bbox 648 2781 834 2868; x_wconf 82' lang='lat' dir='ltr'><strong>displicent.</strong></span> 
     </span>
    </p>

    <p class='ocr_par' dir='ltr' id='par_1_6' title="bbox 80 2880 1081 3460">
     <span class='ocr_line' id='line_1_26' title="bbox 147 2880 1080 2971; baseline -0.002 -23"><span class='ocrx_word' id='word_1_148' title='bbox 147 2882 243 2949; x_wconf 83' lang='lat' dir='ltr'><strong>Tunc</strong></span> <span class='ocrx_word' id='word_1_149' title='bbox 264 2884 352 2950; x_wconf 89' lang='lat' dir='ltr'><strong>enim</strong></span> <span class='ocrx_word' id='word_1_150' title='bbox 372 2892 548 2971; x_wconf 87' lang='lat' dir='ltr'><strong>protervos</strong></span> <span class='ocrx_word' id='word_1_151' title='bbox 568 2880 686 2948; x_wconf 87' lang='lat' dir='ltr'><strong>melius</strong></span> <span class='ocrx_word' id='word_1_152' title='bbox 699 2882 906 2966; x_wconf 85' lang='lat' dir='ltr'><strong>corrigimus,</strong></span> <span class='ocrx_word' id='word_1_153' title='bbox 929 2903 1005 2946; x_wconf 90' lang='lat' dir='ltr'><strong>cum</strong></span> <span class='ocrx_word' id='word_1_154' title='bbox 1026 2902 1080 2964; x_wconf 84' lang='lat' dir='ltr'><strong>oa,</strong></span> 
     </span>
     <span class='ocr_line' id='line_1_27' title="bbox 80 2980 1081 3069; baseline -0.003 -22"><span class='ocrx_word' id='word_1_155' title='bbox 80 2980 269 3068; x_wconf 83' lang='lat' dir='ltr'><strong>quaebene</strong></span> <span class='ocrx_word' id='word_1_156' title='bbox 291 2984 402 3069; x_wconf 87' lang='lat' dir='ltr'><strong>egisse</strong></span> <span class='ocrx_word' id='word_1_157' title='bbox 415 3005 451 3048; x_wconf 88' lang='lat' dir='ltr'><strong>se</strong></span> <span class='ocrx_word' id='word_1_158' title='bbox 471 2983 622 3063; x_wconf 89' lang='lat' dir='ltr'><strong>credunt,</strong></span> <span class='ocrx_word' id='word_1_159' title='bbox 645 2980 820 3048; x_wconf 82' lang='lat' dir='ltr'><strong>maleacto</strong></span> <span class='ocrx_word' id='word_1_160' title='bbox 842 2989 1081 3061; x_wconf 87' lang='lat' dir='ltr'><strong>monstramus;</strong></span> 
     </span>
     <span class='ocr_line' id='line_1_28' title="bbox 80 3077 1081 3170; baseline -0.002 -24"><span class='ocrx_word' id='word_1_161' title='bbox 80 3091 122 3147; x_wconf 91' lang='lat' dir='ltr'><strong>ut</strong></span> <span class='ocrx_word' id='word_1_162' title='bbox 143 3077 234 3146; x_wconf 88' lang='lat' dir='ltr'><strong>unde</strong></span> <span class='ocrx_word' id='word_1_163' title='bbox 256 3079 379 3170; x_wconf 86' lang='lat' dir='ltr'><strong>adepta</strong></span> <span class='ocrx_word' id='word_1_164' title='bbox 407 3079 518 3168; x_wconf 85' lang='lat' dir='ltr'><strong>gloria</strong></span> <span class='ocrx_word' id='word_1_165' title='bbox 540 3080 704 3163; x_wconf 89' lang='lat' dir='ltr'><strong>creditur,</strong></span> <span class='ocrx_word' id='word_1_166' title='bbox 731 3078 809 3144; x_wconf 90' lang='lat' dir='ltr'><strong>inde</strong></span> <span class='ocrx_word' id='word_1_167' title='bbox 837 3077 932 3146; x_wconf 83' lang='lat' dir='ltr'><strong>utilis</strong></span> <span class='ocrx_word' id='word_1_168' title='bbox 962 3077 1081 3144; x_wconf 84' lang='lat' dir='ltr'><strong>subse-</strong></span> 
     </span>
     <span class='ocr_line' id='line_1_29' title="bbox 81 3175 1081 3267; baseline -0.004 -21"><span class='ocrx_word' id='word_1_169' title='bbox 81 3189 210 3267; x_wconf 83' lang='lat' dir='ltr'><strong>quatur</strong></span> <span class='ocrx_word' id='word_1_170' title='bbox 231 3182 392 3248; x_wconf 79' lang='lat' dir='ltr'><strong>confusio.</strong></span> <span class='ocrx_word' id='word_1_171' title='bbox 436 3181 684 3267; x_wconf 81' lang='lat' dir='ltr'><strong>Nonnunquam</strong></span> <span class='ocrx_word' id='word_1_172' title='bbox 706 3199 785 3246; x_wconf 85' lang='lat' dir='ltr'><strong>vero</strong></span> <span class='ocrx_word' id='word_1_173' title='bbox 808 3200 883 3244; x_wconf 87' lang='lat' dir='ltr'><strong>cum</strong></span> <span class='ocrx_word' id='word_1_174' title='bbox 906 3175 1081 3243; x_wconf 90' lang='lat' dir='ltr'><strong>sevitium</strong></span> 
     </span>
     <span class='ocr_line' id='line_1_30' title="bbox 80 3280 1080 3367; baseline -0.004 -23"><span class='ocrx_word' id='word_1_175' title='bbox 80 3280 272 3365; x_wconf 82' lang='lat' dir='ltr'><strong>proterviae</strong></span> <span class='ocrx_word' id='word_1_176' title='bbox 292 3281 427 3348; x_wconf 87' lang='lat' dir='ltr'><strong>minime</strong></span> <span class='ocrx_word' id='word_1_177' title='bbox 452 3289 648 3367; x_wconf 83' lang='lat' dir='ltr'><strong>perpetrare</strong></span> <span class='ocrx_word' id='word_1_178' title='bbox 677 3285 902 3365; x_wconf 87' lang='lat' dir='ltr'><strong>cognoscunt,</strong></span> <span class='ocrx_word' id='word_1_179' title='bbox 926 3295 1080 3361; x_wconf 87' lang='lat' dir='ltr'><strong>compen·</strong></span> 
     </span>
     <span class='ocr_line' id='line_1_31' title="bbox 80 3372 1081 3460; baseline -0.005 -16"><span class='ocrx_word' id='word_1_180' title='bbox 80 3376 212 3444; x_wconf 86' lang='lat' dir='ltr'><strong>diosius</strong></span> <span class='ocrx_word' id='word_1_181' title='bbox 234 3379 278 3446; x_wconf 78' lang='lat' dir='ltr'><strong>ad</strong></span> <span class='ocrx_word' id='word_1_182' title='bbox 299 3379 536 3447; x_wconf 87' lang='lat' dir='ltr'><strong>correctionem</strong></span> <span class='ocrx_word' id='word_1_183' title='bbox 558 3379 715 3460; x_wconf 86' lang='lat' dir='ltr'><strong>veniunt,</strong></span> <span class='ocrx_word' id='word_1_184' title='bbox 746 3378 774 3444; x_wconf 89' lang='lat' dir='ltr'><strong>si</strong></span> <span class='ocrx_word' id='word_1_185' title='bbox 795 3374 938 3444; x_wconf 86' lang='lat' dir='ltr'><strong>alterius</strong></span> <span class='ocrx_word' id='word_1_186' title='bbox 959 3372 1081 3460; x_wconf 86' lang='lat' dir='ltr'><strong>culpae</strong></span> 
     </span>
    </p>
   </div>
   <div class='ocr_carea' id='block_1_6' title="bbox 120 3549 1108 3794">
    <p class='ocr_par' dir='ltr' id='par_1_7' title="bbox 120 3549 1108 3794">
     <span class='ocr_line' id='line_1_32' title="bbox 120 3549 1108 3625; baseline 0.001 -20"><span class='ocrx_word' id='word_1_187' title='bbox 120 3551 221 3617; x_wconf 75' lang='lat' dir='ltr'><strong>¹)1sai.</strong></span> <span class='ocrx_word' id='word_1_188' title='bbox 246 3553 295 3622; x_wconf 75' lang='lat'><strong>54,</strong></span> <span class='ocrx_word' id='word_1_189' title='bbox 318 3555 344 3610; x_wconf 79' lang='lat' dir='ltr'><strong>t.</strong></span> <span class='ocrx_word' id='word_1_190' title='bbox 362 3585 396 3596; x_wconf 92' lang='lat'>-</span> <span class='ocrx_word' id='word_1_191' title='bbox 422 3555 446 3625; x_wconf 86' lang='lat'><strong>²)</strong></span> <span class='ocrx_word' id='word_1_192' title='bbox 471 3554 558 3610; x_wconf 79' lang='lat' dir='ltr'><strong>Galat.</strong></span> <span class='ocrx_word' id='word_1_193' title='bbox 576 3553 610 3619; x_wconf 81' lang='lat'><strong>3,</strong></span> <span class='ocrx_word' id='word_1_194' title='bbox 630 3554 654 3608; x_wconf 91' lang='lat'><strong>1.</strong></span> <span class='ocrx_word' id='word_1_195' title='bbox 672 3583 706 3594; x_wconf 91' lang='lat'>-</span> <span class='ocrx_word' id='word_1_196' title='bbox 730 3551 754 3620; x_wconf 83' lang='lat'><strong>⁸)</strong></span> <span class='ocrx_word' id='word_1_197' title='bbox 775 3551 861 3607; x_wconf 78' lang='lat' dir='ltr'><strong>Galat.</strong></span> <span class='ocrx_word' id='word_1_198' title='bbox 878 3551 903 3619; x_wconf 83' lang='lat'><strong>3,</strong></span> <span class='ocrx_word' id='word_1_199' title='bbox 922 3549 947 3606; x_wconf 86' lang='lat'><strong>3.</strong></span> <span class='ocrx_word' id='word_1_200' title='bbox 984 3551 1081 3606; x_wconf 76' lang='lat' dir='ltr'><strong>Omnes</strong></span> <span class='ocrx_word' id='word_1_201' title='bbox 1106 3551 1108 3557; x_wconf 83' lang='lat'>&#39;</span> 
     </span>
     <span class='ocr_line' id='line_1_33' title="bbox 155 3636 1080 3706; baseline -0.005 -14"><span class='ocrx_word' id='word_1_202' title='bbox 155 3639 282 3694; x_wconf 81' lang='lat' dir='ltr'><strong>editiones</strong></span> <span class='ocrx_word' id='word_1_203' title='bbox 299 3640 394 3696; x_wconf 81' lang='lat' dir='ltr'><strong>hubent</strong></span> <span class='ocrx_word' id='word_1_204' title='bbox 411 3637 711 3704; x_wconf 84' lang='lat' dir='ltr'><strong>consummamini,</strong></span> <span class='ocrx_word' id='word_1_205' title='bbox 729 3637 797 3705; x_wconf 84' lang='lat' dir='ltr'><strong>quod</strong></span> <span class='ocrx_word' id='word_1_206' title='bbox 814 3649 848 3688; x_wconf 88' lang='lat' dir='ltr'><strong>cx</strong></span> <span class='ocrx_word' id='word_1_207' title='bbox 864 3651 959 3706; x_wconf 78' lang='lat' dir='ltr'><strong>graeco</strong></span> <span class='ocrx_word' id='word_1_208' title='bbox 978 3636 1080 3690; x_wconf 78' lang='lat' dir='ltr'><strong>vitetur</strong></span> 
     </span>
     <span class='ocr_line' id='line_1_34' title="bbox 157 3719 634 3794; baseline 0.002 -18"><span class='ocrx_word' id='word_1_209' title='bbox 157 3724 348 3794; x_wconf 73' lang='lat' dir='ltr'><strong>explicandum.</strong></span> <span class='ocrx_word' id='word_1_210' title='bbox 366 3753 400 3792; x_wconf 51' lang='lat' dir='ltr'><strong>-ss</strong></span> <span class='ocrx_word' id='word_1_211' title='bbox 418 3724 442 3794; x_wconf 74' lang='lat'><strong>⁴)</strong></span> <span class='ocrx_word' id='word_1_212' title='bbox 460 3725 530 3781; x_wconf 84' lang='lat' dir='ltr'><strong>Phil.</strong></span> <span class='ocrx_word' id='word_1_213' title='bbox 548 3719 573 3790; x_wconf 74' lang='grc'><strong>4,</strong></span> <span class='ocrx_word' id='word_1_214' title='bbox 593 3723 634 3778; x_wconf 88' lang='grc'><strong>10.</strong></span> 
     </span>
    </p>
   </div>
   <div class='ocr_carea' id='block_1_7' title="bbox 0 0 1238 4218">
    <p class='ocr_par' dir='ltr' id='par_1_8' title="bbox 0 0 1238 4218">
     <span class='ocr_line' id='line_1_35' title="bbox 0 0 1238 4218; baseline 0 0"><span class='ocrx_word' id='word_1_215' title='bbox 0 0 1238 4218; x_wconf 95' lang='lat' dir='ltr'><strong> </strong></span> 
     </span>
    </p>
   </div>
  </div>
 </body>
</html>
