2486 4222
445 261 651 368 „45-

36 429 206 496 videlicct
226 428 408 517 potentiam
431 429 518 494 bene
542 430 633 514 regit
644 478 654 512 ,
679 429 738 515 qui
760 439 796 494 et
815 437 930 494 tenere
952 425 1047 494 illam

36 531 182 598 noverit
203 540 236 596 et
249 531 456 617 impugnare.
498 529 589 594 Bene
605 527 693 593 hanc
705 531 804 614 regit,
829 531 887 615 qui
910 529 972 594 scit
985 549 1048 615 per

36 633 136 698 illam
161 635 263 719 super
292 631 410 718 culpas
437 631 543 715 erigi,
573 639 606 696 et
634 629 697 694 scit
734 653 808 694 cum
836 627 899 694 illa
927 627 1049 694 ceteris

37 732 254 819 aequalitate
277 733 438 819 componi.
480 729 638 796 Humana
653 729 772 794 etenim
784 751 877 796 mens
899 727 1045 816 plerum-

38 855 107 920 que
133 831 323 916 extollitur,
354 831 453 896 etiam
481 852 556 896 curn
587 825 680 893 nulla
701 837 868 914 potestate
889 827 1052 912 fulcitur3‘

39 943 172 1021 quanto
200 933 306 1016 magis
337 932 373 996 in
402 929 506 996 altum
529 953 564 996 se
586 929 705 1013 erigit,
735 950 809 992 cum
832 951 868 992 se
891 930 923 993 ei
945 929 1046 993 etiam

35 1041 194 1121 potestas
223 1030 405 1118 adjungit?
449 1029 559 1110 Quam
587 1037 699 1093 tamen
729 1035 927 1116 potestatem
954 1038 1048 1094 recte
1093 1045 1095 1048 ·

38 1131 237 1218 dispensat,
269 1132 327 1216 qui
357 1129 498 1196 sollicite
527 1129 654 1194 noverit
676 1137 709 1192 et
740 1147 870 1192 sumere
900 1149 943 1192 ex
976 1127 1046 1208 illa,

38 1232 134 1320 quod
158 1231 310 1312 adiuvat,
332 1239 365 1294 et
387 1250 596 1316 expugnare,
618 1226 709 1312 quod
724 1236 841 1306 tentat,
864 1237 898 1292 et
919 1247 1048 1314 aequa·

36 1333 105 1396 lem
138 1353 174 1396 se
202 1353 276 1396 cum
303 1328 358 1394 illa
386 1329 505 1394 ceteris
533 1349 690 1408 cernere,
719 1337 888 1394 ettamen
911 1347 1043 1413 sepec-

39 1431 201 1497 cantibus
220 1429 295 1496 zelo
318 1429 457 1495 ultionis
479 1426 658 1492 anteferre.
1052 1430 1055 1439 '

105 1529 175 1596 Sed
204 1531 293 1594 hanc
323 1529 556 1594 discretionem
585 1528 720 1614 plenius
747 1530 978 1614 agnoscimus,
1016 1527 1045 1592 si

38 1633 186 1716 pastoris
215 1631 315 1715 primi
328 1627 493 1716 'exempla
522 1649 705 1694 cernamus.
749 1627 869 1694 Petrus
899 1649 1043 1715 namque

40 1741 179 1796 auctore
200 1729 275 1794 Deo
309 1738 446 1794 sanctae
469 1727 644 1792 Ecclesiae
672 1729 895 1816 principatum
924 1739 1046 1794 tenens

40 1855 59 1895 a
81 1831 175 1895 bene
198 1837 320 1914 agente
336 1827 491 1894 Cornelio
514 1836 548 1892 et
571 1849 644 1892 sese
657 1829 686 1889 ei
707 1825 876 1892 humiliter
897 1837 1043 1914 proster-

39 1940 144 1996 nente
173 1928 421 1995 immoderatius
451 1927 607 1994 venerari
641 1929 829 2012 recusavit,
867 1951 970 2012 seque
997 1927 1046 1992 illi

41 2027 186 2095 similem
202 2028 413 2114 recognovit,
447 2029 574 2094 dicens:
605 2026 754 2110 Surge,
786 2051 834 2092 ne
863 2028 1048 2110 feceris,

41 2140 78 2194 et
101 2151 178 2214 ego
207 2130 301 2214 ipse
322 2126 441 2194 homo
466 2151 559 2197 sum.
579 2125 605 2208 ¹)
650 2125 716 2192 Sed
738 2149 811 2191 curn
831 2127 987 2192 Ananiae
1012 2139 1052 2192 et'

42 2228 213 2316 Saphirae
237 2227 368 2314 culpam
390 2227 535 2313 reperit,
567 2250 643 2292 mox
666 2235 795 2311 quanta
817 2229 966 2312 potentia
989 2247 1042 2292 su·

41 2353 101 2414 per
125 2337 254 2394 ceteros
277 2327 498 2408 excrevisset,
521 2325 674 2390 ostendit.
691 2323 718 2412 ²)
762 2326 876 2392 Verbo
898 2349 1045 2416 namque

41 2449 157 2492 eorum
189 2427 293 2491 vitam
330 2425 491 2513 perculit,
524 2447 623 2512 quam
657 2427 777 2512 spiritu
810 2435 1044 2513 perscrutante

18 2525 277 2614 deprehendit,
303 2535 335 2590 et
353 2539 519 2590 summum
542 2549 576 2590 se
606 2527 698 2591 intra
720 2526 905 2592 Ecclesiam
927 2537 1044 2593 contra
1114 2543 1116 2548 ’

41 2633 183 2710 peccata
204 2624 361 2707 recoluit,
391 2623 481 2710 quod
503 2623 625 2691 honore
654 2624 720 2690 sibi
741 2623 954 2690 vehementer
984 2631 1049 2689 im·‘

40 2747 147 2810 penso
170 2746 280 2788 coram
303 2723 389 2789 bene
412 2723 592 2808 agentibus
620 2724 783 2790 fratribus
804 2749 871 2791 non
893 2727 1048 2810 agnovit,

41 2824 118 2890 illic
142 2823 402 2889 communionem
425 2809 640 2908 aequalitatis
661 2827 781 2890 meruit
805 2827 966 2891 sanctitas
990 2848 1044 2890 ac·

110 3049 181 3096 tores
198 3042 353 3100 humilium,
378 3043 457 3094 duces
476 3042 628 3110 superbiae,
653 3043 731 3094 ovina
743 3039 812 3094 sarie
830 3043 935 3112 lupinos
953 3046 1042 3097 dentes

109 3121 305 3180 abscondimus.
341 3113 471 3194 Scd'quis
490 3129 580 3179 horum
600 3125 660 3178 finis
679 3131 732 3194 est,
762 3129 813 3180 nisi
834 3131 902 3195 quod
923 3129 1040 3181 homini·
1086 3146 1089 3153 ·

109 3215 163 3267 bus
181 3213 328 3280 suademus,
349 3215 403 3266 Deo
422 3217 507 3265 autem
526 3211 657 3264 manifesti
677 3215 788 3264 sumus?
808 3253 813 3266 .
833 3256 839 3267 .
859 3253 865 3266 .
894 3213 942 3265 Vir
960 3229 1039 3267 sanc-

108 3295 230 3350 tissimus
249 3299 420 3350 consacerdos
444 3311 517 3350 meus
540 3299 655 3351 ioannes
674 3299 762 3350 vocari
790 3285 950 3352 universalis
966 3300 1043 3366 epis·-

58 3413 63 3426 ·
108 3397 192 3452 copus
218 3389 335 3436 conatur.
369 3383 525 3436 Exclamare
550 3383 691 3451 compellor
717 3399 749 3437 ac
776 3385 878 3441 dnae:
906 3383 928 3438 0
951 3388 1043 3438 ten-1

107 3483 208 3537 pora,
236 3472 500 3525 umores!....
535 3469 586 3522 Ille
604 3471 761 3522 coercendus
785 3475 836 3538 est,
869 3471 915 3536 qui
934 3474 1044 3523 sauctae
1105 3507 1106 3510 η

108 3553 256 3614 universali
281 3553 416 3608 Ecclesiae
439 3554 562 3624 injuriam
590 3552 673 3624 iacit,
703 3557 749 3624 qui
776 3556 851 3618 corde
875 3560 970 3625 tumet,
994 3557 1043 3626 qui

107 3641 225 3708 gaudere
243 3639 396 3694 denomino
414 3625 603 3707 singularitatis
621 3641 744 3710 appetit.“

64 3725 85 3790 ¹)
103 3725 164 3780 Act.
183 3725 225 3793 10,
243 3724 286 3780 26.
305 3755 337 3766 -
357 3723 378 3794 ²)
396 3726 455 3781 Act.
473 3724 498 3794 5,
511 3725 541 3780 t.
