2468 4218
570 267 795 333 -124-

251 436 472 523 Nequaquam
501 455 580 520 ergo
604 442 719 500 sancto
742 432 871 519 Spiritu
892 431 1012 516 plenus
1041 441 1106 512 est,
1130 431 1181 518 qui

188 537 303 603 autin
325 531 568 621 tranquillitate
588 533 852 600 mansuetudinis
877 531 1044 600 fervorem
1072 553 1180 598 aemu-

186 635 321 705 lationis
343 634 482 716 deserit,
514 643 573 700 aut
595 657 728 700 rursum
749 636 785 702 in
807 631 1037 698 aemulationis
1067 629 1181 696 ardore

184 736 342 802 virtutem
364 733 631 799 mansuetudinis
652 734 782 800 amittit.
826 730 925 813 Quod
951 731 1098 798 fortasse
1120 752 1178 794 me·

186 833 251 898 lius
279 831 498 915 ostendimus,
530 834 558 897 si
585 834 621 899 in
649 832 794 898 medium
824 830 924 898 Pauli
954 830 1178 915 magisterium

187 931 414 1022 proferamus,
448 931 505 1016 qui
534 931 665 996 duobus
694 931 867 1020 discipulis
898 943 930 996 et
959 953 1025 996 non
1047 927 1178 995 diversa

183 1033 326 1098 'caritate
347 1027 528 1117 praeditis,
561 1026 696 1095 diversa
716 1039 828 1098 tamen
855 1031 1023 1118 adjutoria
1051 1025 1177 1116 praedi·

188 1132 327 1198 cationis
342 1129 512 1218 impendit.
548 1127 757 1196 Timotheum
771 1151 914 1217 namque
929 1128 1113 1194 admonens
1126 1128 1181 1197 aitt

187 1231 343 1317 Argue,
367 1227 555 1313 obsecra,
578 1230 756 1316 increpa
779 1231 949 1295 inomni
971 1226 1177 1314 patientia

186 1341 229 1398 et
263 1329 475 1395 doctriua.
505 1325 529 1414 ¹)
580 1328 693 1394 Titum
717 1349 850 1416 quoque
878 1328 1033 1394 admonet
1055 1325 1178 1394 diceus:

186 1430 299 1498 Haec
320 1427 519 1514 loquere,
544 1438 586 1494 et
608 1427 852 1512 exhortare,
875 1437 916 1493 et
938 1449 1076 1511 argue
1098 1445 1177 1490 cum

188 1529 303 1596 omni
325 1526 511 1614 imperio.
522 1527 549 1610 2)
594 1525 685 1607 Quid
707 1538 768 1609 est,
793 1527 881 1614 quod
894 1525 1079 1593 doctrinam
1091 1544 1177 1590 suam
1218 1609 1219 1612 Ἴ

188 1631 284 1695 tanta
299 1635 371 1691 arte
393 1624 565 1712 dispensat
576 1676 585 1707 ,
608 1639 646 1692 ut
668 1627 704 1691 in
726 1626 916 1693 exhibenda
930 1628 993 1692 hac
1010 1625 1112 1691 alteri
1127 1625 1179 1689 im·
1218 1617 1219 1636 ¹

180 1729 333 1816 perium,
356 1733 458 1812 atque
479 1725 579 1792 alteri
593 1727 789 1814 patientiam
802 1737 986 1816 proponat,
1010 1725 1079 1791 nisi
1096 1721 1176 1812 quod

181 1827 423 1892 'mansuetioris
445 1826 582 1912 spiritus
604 1827 718 1893 Titum
730 1838 763 1892 et
783 1825 884 1913 paulo
905 1825 1121 1891 ferventioris
1134 1824 1176 1889 vi·

191 1925 240 1992 dit
267 1945 340 1991 esse
371 1924 603 1992 Timotheum?
634 1925 732 1992 Illum
761 1948 821 2014 per
850 1927 1083 1992 aemulationis
1118 1937 1177 1992 stu·

188 2025 279 2093 dium
301 2024 500 2109 inflammat,
524 2023 612 2092 hunc
633 2047 695 2112 per
713 2025 882 2090 lenitatem
897 2027 1083 2113 patientiae
1102 2033 1174 2091 tem·

186 2129 291 2214 perat.
342 2123 401 2188 Illi
429 2123 516 2211 quod
549 2123 642 2189 deest
669 2125 798 2210 jungit,
834 2123 913 2191 huic
946 2123 1035 2213 quod
1068 2147 1173 2212 super·
1217 2149 1218 2190 t

187 2235 239 2291 est
265 2222 441 2291 subtrahit.
473 2221 574 2289 Illum
598 2222 730 2288 stimulo
747 2223 920 2310 impellere
941 2225 1071 2306 nititur,
1093 2223 1176 2291 huno

186 2323 280 2389 freno
301 2321 502 2389 moderatur.
546 2321 692 2407 Magnus
715 2324 839 2409 quippe
862 2335 1038 2411 susceptae
1066 2324 1174 2392 Eccle-

189 2426 258 2491 siae
279 2421 415 2488 colonus
437 2419 522 2488 alios
544 2422 708 2509 palmites,
730 2431 769 2487 ut
790 2445 942 2490 creseere
961 2421 1118 2507 debeant,
1138 2425 1175 2488 ri·

187 2531 261 2610 gat:
284 2521 386 2604 alios,
410 2541 484 2586 eum
507 2520 584 2608 plus
604 2523 695 2610 justo
718 2541 868 2588 creseere
895 2523 1070 2610 conspicit,
1092 2546 1172 2590 rese·

186 2631 258 2705 cat3
286 2645 328 2687 ne
352 2629 412 2686 aut
434 2642 500 2686 nou
522 2622 699 2686 crescendo
723 2643 789 2687 non
809 2622 922 2686 lerant
942 2620 1090 2704 fructus,
1124 2631 1173 2687 aut

113 2748 119 2759 ·
186 2716 402 2786 immoderate
426 2718 622 2804 crescendo,
652 2741 734 2805 quos
761 2719 981 2806 protulerint,
1018 2723 1171 2788 amittant

189 2817 256 2886 Sed
277 2817 374 2904 longe
396 2818 466 2884 alia
482 2829 533 2885 est
548 2819 608 2900 ira,
633 2839 720 2905 quae
736 2817 799 2884 sub
817 2817 1049 2886 aemulationis
1072 2821 1172 2908 speeie

187 2918 350 3003 subrepit,
361 2915 388 3004 ³)
410 2916 478 2983 alia
500 2939 588 3004 quae
608 2915 780 2984 turbatum
801 2940 858 2984 cor
880 2929 913 2984 et
936 2919 1008 2985 sine
1025 2919 1174 3006 justitiae

184 3026 366 3107 praetextu
387 3016 569 3084 confundit
612 3015 680 3082 Illa
702 3017 788 3081 enim
811 3017 846 3081 in
862 3014 936 3098 hoc,
961 3017 1050 3104 quod
1070 3017 1175 3102 debet,

184 3117 373 3186 inordinate
401 3116 610 3198 extenditur3
643 3114 727 3182 haec
756 3125 866 3180 autem
894 3139 1024 3204 semper
1052 3121 1087 3184 in
1116 3119 1172 3199 his,

186 3237 274 3306 quae
288 3239 356 3283 non
372 3214 488 3295 debet,
511 3211 745 3281 inflammatur.
781 3214 959 3280 Sciendum
977 3218 1102 3304 quippe
1118 3229 1174 3298 est,

185 3318 266 3405 quia
294 3316 329 3382 iu
360 3315 422 3380 hcc
458 3311 502 3377 ab
533 3313 785 3401 impatientibus
818 3314 970 3380 iracundi
1008 3316 1175 3397 differunt,

185 3412 275 3504 ‘quod
294 3413 346 3480 illi
367 3412 412 3479 ab
425 3412 500 3478 aliis
511 3411 603 3478 illata
617 3435 683 3479 non
695 3411 851 3498 tolerant,
873 3415 928 3481 isti
942 3427 1053 3483 autem
1067 3419 1173 3497 etiam,

185 3535 273 3601 quae
299 3511 500 3596 tolerentur,
529 3512 720 3600 important.
774 3512 859 3581 Nam
891 3515 1048 3582 iracundi
1079 3535 1170 3602 saepe

217 3726 239 3794 ⁸)
256 3724 281 3782 2.
299 3725 364 3783 Tim.
377 3725 402 3794 4,
419 3724 445 3781 2.
464 3753 495 3768 --
516 3725 535 3791 ²)
553 3724 601 3780 ro.
619 3723 650 3793 2,
669 3723 711 3780 15.
729 3751 762 3764 -·
781 3723 802 3795 ¹)
820 3725 883 3781 sut.
902 3727 1020 3798 subripit
