2468 4218
501 280 726 347 ..154-

117 449 262 517 virtutes
282 444 468 512 eradicant.
499 444 542 511 In
562 468 630 514 nno
644 448 732 514 enim
745 445 833 514 malo
851 447 1025 514 innumera
1039 471 1114 536 per-

117 554 242 636 agunt3
264 545 345 632 quia
368 542 563 612 seminando
584 545 795 629 discordiam,
818 547 1003 629 ceritatem,
1027 570 1114 634 quse

117 645 274 712 nimirum
302 645 462 710 virtutum
490 645 635 712 omnium
662 656 769 712 mater
802 655 868 729 est,
902 646 1115 730 extinguunt.

117 745 208 828 Quia
231 753 341 810 autem
364 741 448 810 nihil
468 745 636 831 pretiosus
658 754 709 810 est
731 743 805 810 Deo
825 745 951 810 virtute
967 743 1114 812 dilectio·

116 843 189 927 nis,
221 841 269 908 nil
292 853 343 910 est
364 840 620 908 desiderabilius
641 839 774 909 diabolo
801 844 1005 910 extinctione
1028 847 1115 912 cari-

115 944 208 1012 tatis.
252 940 415 1030 Quisquis
438 962 518 1025 ergo
548 939 741 1006 seminando
766 941 881 1028 jurgia
904 941 1115 1010 dilectionem

115 1044 340 1129 proximorum
371 1041 520 1128 perimit,
555 1037 643 1105 hosti
673 1038 740 1104 Dei
770 1039 959 1108 familarius
994 1043 1115 1126 servit3

118 1147 198 1233 quia
223 1165 290 1232 qua
314 1140 371 1206 ille
401 1140 523 1205 amissa
552 1138 691 1222 cecidit,
721 1137 809 1205 hanc
836 1141 899 1205 iste
929 1140 1117 1208 vulneratis

116 1241 274 1313 cordibus
299 1239 515 1323 subtrahens,
540 1240 588 1304 eis
609 1239 673 1305 iter
694 1239 899 1306 ascensionis
921 1237 1073 1306 abscidit.

176 1343 222 1409 At
231 1351 347 1408 contra
358 1338 558 1407 admonendi
569 1349 647 1406 sunt
660 1338 799 1429 pacifici,
823 1362 864 1405 ne
880 1349 995 1407 tautae
1009 1341 1114 1410 actio-

114 1447 168 1511 nis
191 1440 321 1530 pondus
342 1439 510 1524 levigent,
546 1439 583 1504 si‘
602 1441 688 1505 inter
717 1455 799 1525 quos
827 1439 969 1504 fundare
997 1460 1116 1526 paoem

114 1541 278 1622 debeant,
300 1541 464 1625 ignorent.
497 1537 583 1602 Nam
604 1539 690 1604 sicut
711 1537 849 1604 multum
867 1549 974 1621 nocet,
998 1539 1116 1605 siuni-

113 1652 167 1708 tas
189 1639 276 1704 desit
295 1637 410 1718 bonis,
439 1638 486 1701 ita
507 1634 609 1702 valde
632 1647 682 1702 est
703 1642 854 1719 noxium,
889 1639 917 1703 si
938 1661 1005 1704 non
1026 1638 1117 1726 desit

113 1739 220 1807 malis.
265 1736 301 1802 Si
331 1757 411 1821 ergo
439 1756 672 1822 perversorum
703 1739 853 1824 nequitia
874 1738 909 1804 in
931 1759 1014 1825 paee
1031 1739 1114 1824 jun-

112 1841 222 1926 gitur,
244 1835 393 1922 profeoto
416 1855 529 1900 corum
550 1833 647 1900 malis
669 1836 802 1901 actibus
824 1835 930 1902 robur
951 1847 1115 1927 augetur;

114 1939 195 2026 quia
218 1933 371 2025 quesibi
392 1935 429 1999 in
450 1933 578 1998 malitia
601 1946 803 2018 congruunt,
827 1958 866 2001 eo
890 1958 924 2001 se
940 1935 1115 2004 robustius

112 2037 277 2106 bonorum
305 2033 542 2101 afflictionibus
569 2032 715 2098 illidunt.
756 2035 844 2100 Hinc
873 2055 1018 2120 namque
1048 2046 1114 2120 cst,

113 2136 205 2226 quod
228 2145 344 2203 contra
367 2135 515 2201 damnati
536 2131 628 2199 illius
649 2134 740 2199 vasis
762 2131 805 2220 ¹),
833 2132 988 2200 videlicet
1013 2133 1115 2201 Anti·

113 2235 251 2319 christi,
274 2234 522 2322 praedicatores
543 2233 658 2298 divina
679 2253 761 2298 voce
784 2232 882 2299 beato
896 2233 1115 2302 Jobdieitur:

113 2334 302 2404 Membra
323 2333 513 2399 carnium
535 2335 627 2420 ejus
655 2330 940 2400 cohaerentia
968 2336 1062 2400 sibi.
1082 2334 1112 2410 ²)

112 2436 200 2503 Hinc
223 2431 284 2499 sub
307 2453 522 2519 squamarum
545 2433 655 2518 specie
670 2429 711 2495 de
732 2434 806 2519 ejus
823 2433 1022 2500 satellitibus
1034 2456 1112 2522 per·

112 2535 267 2602 hibetur:
300 2533 391 2598 Una
411 2532 485 2596 uni
507 2531 809 2619 conjungitur,
844 2542 885 2599 et
904 2557 954 2598 ne
977 2536 1111 2621 spira·

114 2633 249 2699 culum
277 2631 442 2718 quidem
470 2631 645 2696 incedit
667 2654 742 2716 per
764 2655 844 2698 eas.
869 2633 895 2716 ³)
939 2632 1112 2721 Sequaccs

115 2734 240 2822 quippe
261 2732 369 2816 illius,
403 2730 583 2817 quonulla
605 2732 748 2797 interce
771 2729 958 2798 discordiae
989 2731 1111 2797 adver·

111 2835 211 2903 sitate
230 2831 329 2898 divisi
344 2841 433 2916 sunt,
456 2855 494 2897 eo
511 2832 546 2897 in
562 2831 724 2897 bonorum
737 2832 875 2916 gravius
890 2853 971 2899 nece
986 2832 1111 2918 glome·
1220 2897 1221 2904 χ

110 2943 237 3000 rantur.
275 2930 342 3010 Qui
358 2952 437 3014 ergo
450 2932 582 3019 iniquos
596 2953 679 3019 pace
696 2931 812 3015 sociat,
834 2927 1111 3020 iniquitati'vires
1220 2961 1221 3002 i

112 3032 341 3112 administrat,
376 3031 456 3117 quia
477 3031 582 3098 bonos
604 3028 751 3096 deterius
777 3030 985 3118 deprimunt,
1023 3053 1110 3119 quos
1220 3049 1221 3056 ’

112 3143 146 3201 ct
166 3131 366 3200 unanimiter
379 3143 637 3217 persequuntur.
671 3129 770 3196 Unde
789 3131 1000 3216 praedicator
1013 3152 1110 3219 egre·

112 3234 189 3318 gius
218 3232 318 3318 gravi
342 3229 598 3296 Pharisaeorum
628 3228 965 3318 Sadducaeorumque
994 3253 1108 3320 perse·

113 3333 243 3400 cutione
266 3328 511 3417 deprehensus,
534 3329 622 3394 inter
648 3331 844 3417 semetipsos
868 3328 1015 3396 dividere
1038 3342 1108 3397 stu·
1220 3379 1221 3420 ,

114 3491 400 3504 -n---a-u--nn—-ae

150 3579 170 3643 ¹)
188 3578 253 3634 Alit.
271 3591 347 3644 vasa,
372 3591 404 3629 ac
418 3577 453 3645 ,si
479 3582 627 3644 peccatores
649 3577 805 3630 Antichristi
830 3591 894 3630 vasa
918 3582 1109 3648 nuncupentur,

182 3677 241 3716 curn
264 3667 348 3715 tamen
374 3661 401 3714 S.
425 3660 545 3729 Gregorii
570 3661 614 3714 lib.
632 3663 750 3717 XXXII.
774 3678 830 3716 nro.
848 3664 890 3720 22.
917 3663 1107 3718 Antichristum

182 3762 232 3802 ras
249 3747 346 3801 diaboli
362 3747 484 3820 appellet.
503 3775 535 3788 -
554 3746 574 3814 ²)
592 3748 649 3804 Jot.
667 3749 710 3817 41,
728 3748 770 3804 14.
790 3778 819 3788 -
840 3748 861 3815 Ι)
878 3749 934 3804 Job.
952 3750 994 3816 41,
1012 3749 1037 3804 7.
