2468 4218
532 257 777 346 alati-r..

42 444 46 447 ⁷
141 425 299 510 monendi
330 425 427 508 enirn
449 433 545 510 sunt,
581 425 650 512 qui·
670 445 793 508 saurae,
819 423 921 512 Lagis
949 425 1054 496 uerba
1074 449 1149 512 aaron⁸

143 533 236 599 aas
255 523 464 610 intelligunt,
488 523 766 612 aspernandos,
790 525 1147 612 quaestuosum

142 625 219 693 vini
235 633 348 710 potum
369 623 405 692 iu
426 623 552 704 reneri
569 622 636 702 sibi
662 621 821 711 poculum
841 634 990 708 vertunt,
1013 647 1055 694 ao
1082 648 1144 714 per

143 722 489 808 medicinaleferrum
511 720 649 808 vrdpere
670 721 801 797 mortali
825 723 1031 808 referiunt,
1065 725 1147 806 dnm

143 847 206 913 per
227 822 290 898 hoa
311 823 351 886 in
369 844 410 894 se,
428 845 512 904 sana
527 822 725 908 perimunt,
756 843 818 908 per
848 821 940 911 quod
965 823 1146 905 salubriter

142 921 342 997 abseindsre
374 921 525 989 sauciata
557 919 755 1000 debuerunt.
804 919 1016 1001 Admoaendi
1051 933 1144 1006 suut,

142 1031 182 1090 ut
202 1020 423 1109 perpendant,
452 1020 541 1106 quod
563 1018 735 1108 Scriptura
757 1041 854 1087 saera
875 1022 910 1088 in
932 1031 1028 1097 noete
1050 1027 1145 1096 vitae

142 1121 331 1208 praesentis
353 1121 451 1207 quasi
473 1117 639 1206 quaedam
659 1119 759 1186 nobis
787 1118 926 1200 lucerna
954 1122 997 1186 sit
1018 1125 1143 1209 posia,

142 1224 239 1308 eujus
259 1221 414 1288 nimirum
434 1220 541 1286 verba
570 1217 649 1284 dum
675 1242 741 1288 non
763 1229 852 1288 reete
867 1218 1078 1308 intelligunt,
1102 1221 1143 1288 de

141 1319 269 1386 lumine
289 1316 533 1386 tenebrescunt.
577 1318 670 1399 Quos
691 1318 847 1386 videlieet
868 1319 912 1384 ad
932 1317 1144 1387 intellectum

141 1441 284 1506 pravum
312 1419 452 1483 intentio
485 1439 645 1504 perversa
673 1440 742 1484 non
767 1427 920 1504 raperet,
951 1419 1018 1483 nisi
1045 1422 1142 1504 prius

142 1515 301 1604 superbia
328 1518 470 1582 inflaret.
520 1517 610 1582 Dum
639 1518 726 1582 enim
756 1541 792 1584 se
823 1539 906 1603 prae
934 1519 1055 1584 ceteris
1087 1542 1139 1584 sa·

140 1619 273 1702 pientes
295 1617 515 1699 arbitrantur,
538 1617 636 1702 sequi
657 1616 742 1682 alios
763 1616 807 1681 ad
828 1617 948 1691 melius
963 1617 1141 1684 intellecta

141 1718 348 1806 despiciunt:
379 1726 481 1802 atque
503 1725 540 1780 ut
567 1715 657 1797 apud
679 1717 865 1798 imperitum
886 1715 1008 1801 vulgus
1030 1716 1139 1782 scien·

140 1819 209 1884 tiae
231 1815 295 1882 sibi
316 1836 436 1880 nomen
458 1822 698 1900 extorqueant,
723 1815 858 1882 student
880 1839 1089 1902 summopere
1108 1827 1140 1883 et

141 1917 185 1982 ab
215 1915 291 1982 aliis
322 1923 415 1982 reete
441 1913 610 1983 intellecta
639 1914 810 1980 destruere
839 1925 871 1980 et
893 1936 955 1980 sua
976 1938 1139 2002 perversa

85 2087 87 2092 ,
140 2015 310 2082 roborare.
353 2011 453 2080 Unde
479 2014 566 2080 bene
597 2036 658 2101 per
679 2013 877 2100 prophetam
904 2013 1039 2080 dieitur:
1072 2015 1138 2081 Se-

141 2123 322 2186 suerunt
348 2123 642 2202 praegnantes
676 2113 840 2180 Galaad
869 2114 917 2180 ad
947 2114 1139 2184 dilatan-

141 2216 230 2287 dum
251 2215 469 2281 terminum
498 2236 624 2279 suum.
647 2212 671 2300 ¹)
715 2212 849 2280 Galaad
875 2237 1020 2302 namque
1043 2239 1138 2282 aeer·
1173 2295 1174 2298 Ἴ

140 2338 204 2382 vus
227 2313 410 2386 testimonii
431 2312 683 2398 interpretatur.
727 2313 771 2380 Et
793 2314 874 2402 quia
897 2324 1016 2392 cuncta
1040 2315 1142 2380 simul

140 2413 359 2498 congregatio
382 2408 553 2484 Ecclesiae
573 2434 635 2500 per
657 2414 897 2480 confessionem
920 2416 1024 2483 servit
1045 2417 1141 2482 testi·

139 2515 250 2580 monio
273 2513 443 2592 ueritatis,
478 2535 544 2586 non
571 2514 754 2598 incongrue
780 2536 841 2601 per
863 2513 998 2582 Galaad
1027 2515 1142 2603 Euole-

141 2615 192 2679 sia
216 2613 430 2696 exprimitur,
455 2632 541 2697 quae
564 2634 621 2678 ore
635 2619 829 2681 cunctorum
844 2613 988 2680 fidelium
1001 2614 1040 2679 de
1052 2615 1143 2702 Deo,

142 2734 298 2799 quaeque
326 2735 407 2778 vera
435 2721 529 2792 sunt,
560 2719 712 2780 testatur.
762 2713 994 2797 Praegnantes
1025 2725 1141 2782 autem

139 2821 305 2879 vocantur
326 2813 473 2893 animae,
499 2833 586 2898 quae
609 2812 814 2880 intellectum
837 2811 933 2878 verbi
960 2837 1002 2878 ex
1025 2813 1140 2884 divino

141 2934 254 2978 amore
276 2912 480 2998 concipiunt,
512 2914 541 2977 si
563 2911 606 2976 ad
628 2912 811 2999 perfectum
834 2919 965 3000 tempus
986 2917 1139 2999 veniant,

140 3020 335 3100 oonoeptam
355 3011 609 3096 intelligentiam
632 3013 740 3096 operis
756 3012 943 3078 ostensione
955 3015 1141 3098 pariturae.

140 3113 335 3183 'ferminum
357 3134 436 3178 vero
460 3135 554 3178 suum
568 3110 708 3176 dilatare
728 3121 779 3178 est
793 3113 959 3196 opinionis
980 3136 1061 3178 suae
1080 3137 1144 3182 no·

139 3236 216 3278 men
238 3211 428 3278 extendere.
467 3211 649 3276 Seouerunt
668 3232 746 3295 ergo
759 3223 986 3298 praegnantes
1005 3210 1143 3278 Galaad

140 3313 184 3378 ad
206 3311 412 3378 dilatandum
435 3311 612 3376 terminum
634 3333 744 3392 suum;
780 3313 860 3398 quia
881 3313 1037 3378 nimirum
1058 3310 1141 3377 hae-

138 3414 235 3478 retiei
255 3421 383 3478 mentes
404 3408 568 3491 fidelium,
601 3431 688 3497 quae
705 3412 778 3498 jam
799 3409 926 3499 aliquid
953 3410 993 3475 de
1016 3412 1140 3477 verita·

139 3514 183 3578 tis
211 3513 393 3594 intellectu¹
415 3519 659 3600 conceperant,
700 3533 862 3595 perversa
890 3511 1139 3597 praedieatione

174 3725 198 3794 ¹)
217 3726 307 3778 Arnon
324 3725 349 3792 1,
368 3723 410 3778 13.
