2468 4218
500 269 726 338 -slffi-

104 443 196 510 ritus
217 442 378 522 prolicere
405 439 442 504 in
474 438 535 504 hoc
557 435 678 506 muodo
701 439 889 526 cupientis,
924 438 1026 511 uelut
1042 441 1106 510 iter

104 540 277 608 madentis
304 537 484 626 impediat,
517 537 622 604 donee
644 539 677 603 ei
697 534 919 618 invisibilem,
954 539 1013 624 qui
1041 538 1106 607 sibi

104 637 240 723 obviet,
263 640 460 705 innotescat.
498 635 603 702 Unde
626 649 658 703 et
679 635 763 700 bene
784 657 845 727 per
867 636 1001 702 Petrum
1022 637 1103 704 dici·

103 749 177 806 tur:
217 737 539 823 correptionem
574 735 723 802 habuit
758 758 857 800 suae
894 738 1102 802 vesaniae

104 835 536 926 subjugalemutum,
574 835 684 921 quod
711 835 754 900 in
781 832 966 902 hominis
998 857 1102 901 voce

103 936 286 1022 loquens
329 935 556 1022 prohibuit
600 933 854 1020 prophetae,
890 935 1102 1020 insipien·

102 1035 215 1100 tiam.
241 1033 267 1120 ¹)
320 1033 466 1098 Insanus
493 1035 618 1120 quippe
647 1030 741 1098 homo
767 1057 786 1098 a
817 1031 985 1120 subjugali
1013 1044 1102 1100 muto

102 1135 304 1222 corripitur,
337 1129 472 1217 quando
503 1133 593 1198 elata
625 1154 718 1196 mens
747 1131 943 1196 humilitatis
965 1132 1100 1212 bonum,

103 1231 195 1320 quod
225 1241 339 1296 tenere
367 1229 505 1312 debeat,
539 1229 582 1296 ab
611 1231 737 1296 afflicta
765 1251 866 1294 carne
893 1239 1100 1294 memoratur.

103 1329 175 1396 Sed
197 1330 298 1416 hujus
321 1331 537 1416 correptionis
568 1328 689 1394 donum
718 1330 841 1394 idcirco
867 1329 1007 1394 Balaam
1034 1353 1100 1396 noa

102 1430 261 1510 obtinuit,
288 1432 366 1516 quia
388 1430 431 1494 ad
446 1427 712 1494 maledicendum
727 1450 871 1515 pergens
888 1451 1013 1510 vocem,
1035 1451 1100 1494 nou

101 1542 248 1594 mentem
269 1531 421 1594 mutavit.
464 1527 672 1592 Admonondi
693 1539 770 1594 sunt
799 1528 907 1612 aegri,
938 1537 974 1592 ut
995 1531 1099 1594 consi.-

102 1629 240 1710 derent,
265 1629 383 1715 quanti
405 1629 447 1692 sit
468 1627 614 1692 muneris
635 1627 785 1694 molestia
802 1625 990 1713 corporalis,
1015 1648 1100 1714 quac

103 1741 140 1793 et
163 1728 309 1791 admissa
330 1736 469 1813 peecata
494 1726 608 1806 diluit,
638 1735 672 1790 et
694 1749 751 1808 ea,
786 1717 871 1813 qu'ae
894 1715 1023 1792 admitti
1044 1748 1101 1812 po·
1179 1759 1180 1762 ¹

101 1838 234 1906 terant,
256 1829 448 1912 compescit;
478 1848 564 1912 quae
587 1833 695 1890 sumta
718 1827 760 1890 ab
785 1825 1005 1892 exterioribus
1028 1825 1099 1911 pla·

103 1928 159 2009 gis
191 1947 372 1992 concussae
405 1927 508 1990 menti
543 1926 768 2011 poenitentiae
802 1926 939 1990 vulnera
969 1926 1098 2010 infligit

103 2023 388 2112 Undosoriptum
412 2036 479 2090 est:
511 2024 636 2090 Livor
660 2025 857 2090 vulneris
882 2025 1100 2110 abstergit

103 2123 227 2205 mala,
251 2134 288 2189 et
311 2124 461 2212 plagae
484 2126 525 2188 in
549 2124 856 2190 secretioribus
878 2126 1054 2190 ventris.
1073 2123 1099 2208 2)
1209 2199 1213 2208 Δ

102 2221 196 2286 Mala
213 2225 310 2312 *enim
338 2223 422 2288 livor
451 2223 596 2288 vulneris
624 2223 807 2308 abstergit,
843 2224 921 2308 quia
948 2221 1097 2307 flagello·

102 2345 179 2386 rum
202 2321 296 2388 dolor
327 2323 382 2388 vel
412 2323 575 2406 cogitatas
602 2322 657 2388 vel
684 2334 895 2412 perpetratas
928 2323 1097 2408 nequitias

103 2420 212 2486 diluit.
255 2421 347 2487 Solet
368 2445 445 2488 vero
468 2423 593 2488 ventris
617 2423 839 2510 appellatione
861 2445 953 2488 mens
976 2424 1097 2509 accipi3

102 2521 187 2608 quia
220 2523 306 2586 sient
335 2532 452 2587 venter
482 2525 648 2587 consumit
677 2545 788 2604 escas,
823 2524 870 2588 ita
899 2543 991 2586 mens
1021 2543 1096 2606 per·

102 2620 277 2686 tractando
305 2623 462 2707 excoquit
489 2643 596 2686 curas.
641 2621 730 2700 Quia
758 2623 844 2686 enim
867 2631 982 2685 venter
1003 2643 1100 2696 mens,

101 2720 239 2799 dicitur,
265 2743 304 2784 ea
326 2722 493 2786 sententia
513 2718 656 2800 docetur,
680 2743 747 2806 qna
764 2715 1002 2804 scriptumest:
1022 2721 1096 2786 Lu·

102 2843 230 2885 cerna
260 2819 424 2885 Domini
458 2819 720 2905 spiraculum
746 2818 944 2900 hominis,
987 2842 1095 2906 quae

103 2920 346 3004 investigat
372 2921 513 2984 omnia
541 2929 706 2984 secreta
735 2920 909 2984 ventris.
934 2917 961 3004 3)
994 2919 1045 2985 Ao
1067 2921 1096 2984 si

102 3019 246 3084 diceret:
268 3017 385 3083 Divini
407 3018 542 3084 afflatus
564 3017 784 3100 illuminatio,
802 3043 875 3084 cum
897 3021 932 3083 in
954 3031 1095 3084 mentem

101 3118 245 3183 hominis
267 3119 412 3200 venerit,
446 3141 519 3182 eam
549 3117 743 3204 sibimetipsi
769 3118 964 3192 illuminans
986 3129 1094 3182 osten·

102 3217 171 3299 dit,
203 3239 290 3303 quae
312 3227 390 3283 ante
413 3216 556 3302 Spiritus
579 3218 686 3283 sancti
713 3215 894 3282 adventum
923 3216 1094 3300 cogitatio·

101 3339 162 3383 nes
184 3339 308 3403 pravas
331 3327 365 3382 et
386 3326 517 3404 portare
539 3327 683 3404 poterat,
707 3326 739 3380 et
756 3338 898 3399 pensare
919 3313 1095 3380 nesciebat.

99 3419 206 3483 Livor
233 3439 311 3502 ergo
338 3416 484 3482 vulneris
512 3417 675 3501 abstergit
703 3415 809 3500 mala,
843 3427 875 3480 ot
907 3415 1029 3502 plagae
1060 3416 1096 3480 in
1126 3477 1127 3484 ,

100 3517 340 3584 secretioribus
361 3517 498 3582 ventris:
522 3518 601 3603 quia
623 3539 698 3582 cum
717 3518 865 3582 exterius
881 3515 1095 3602 percutimur,

109 3658 390 3672 ——nu—-n—-o-

139 3742 162 3811 ⁴)
180 3745 206 3800 2.
224 3745 292 3798 Patr.
309 3745 341 3809 2,
361 3742 401 3799 16.
423 3773 451 3782 -
473 3745 496 3814 ²)
516 3746 588 3799 Prov.
609 3745 658 3812 20,
677 3745 719 3800 30.
741 3775 771 3785 -
800 3744 823 3813 ³)
842 3747 917 3799 Prot.
936 3746 983 3808 20,
1002 3743 1044 3800 27.

1003 3853 1028 3910 θ
