2486 4222
555 331 596 348 ..
638 291 751 366 34··
721 333 761 348 ..

156 436 289 534 'c's'teras
311 460 412 530 stiam
431 425 580 531 atticus
603 466 715 531 carnis
737 463 889 531 metitum
905 458 1051 554 proficit,
1074 459 1163 552 qua·

155 566 189 632 si
216 565 254 632 iu
281 561 417 630 diversa
453 558 739 652 superhumeralis
773 561 886 651 specie
914 562 1038 654 byssus
1068 571 1162 634 to‘ita

156 663 337 732 candescit

497 814 722 886 CAPUT
764 816 823 882 IV.

206 935 247 988 ut
269 933 323 987 sit
340 939 456 987 rector
478 934 666 987 discretus
692 935 726 987 in
743 934 910 1000 silentio,
928 937 1043 990 utitis
1068 937 1103 989 in

597 1019 717 1076 acrba

221 1136 275 1203 Sit
302 1146 412 1203 rector
439 1135 605 1203 discretus
627 1139 662 1202 in
685 1135 832 1218 silentio,
864 1137 955 1202 utilis
977 1139 1013 1204 in
1041 1137 1158 1220 verbo,

140 1243 202 1304 'ne
222 1246 282 1304 aut
302 1235 445 1302 tacenda
467 1235 636 1322 proferat,
661 1247 720 1302 aut
739 1235 942 1323 proferenda
971 1237 1159 1302 reticescat.

159 1336 246 1401 Nam
267 1338 353 1402 sicut
373 1336 509 1400 incauta
531 1334 655 1401 locutio
677 1337 713 1402 in
735 1357 881 1402 errorem
901 1334 1085 1424 pertrahit,
1107 1336 1160 1400 ita

125 1517 126 1522 ἵ
157 1436 375 1502 indiscretum
403 1433 572 1499 silentium
596 1432 674 1516 hos,
697 1437 756 1521 qui
778 1436 904 1502 erudiri
924 1443 1097 1523 poterant,
1120 1437 1158 1500 in

159 1556 272 1600 errore
294 1531 507 1619 derelinquit.
553 1529 662 1621 Saepe
688 1555 832 1621 namque
866 1545 1011 1600 rectores
1033 1535 1157 1620 impr-o·
1206 1580 1208 1585 -

156 1631 230 1700 riui
257 1633 438 1697 humanam
469 1632 623 1699 amittere
652 1633 793 1716 gratiam
814 1632 1033 1700 formidantes
1060 1631 1158 1718 loqui

157 1729 264 1798 iibere
286 1741 379 1796 recta
399 1733 655 1818 pertimescunt3
678 1741 711 1796 et
735 1733 837 1819 juxta
858 1733 1020 1799 Veritatis
1042 1751 1159 1796 vocem

158 1847 375 1919 nequaquam
398 1833 476 1918 jam
499 1830 612 1916 gregis
641 1832 812 1898 custodiae
835 1831 1012 1898 Pastorum
1034 1827 1157 1912 studio,
1241 1857 1242 1860 ¹

158 1932 219 1998 sed
245 1932 526 1997 mercenariorum
553 1930 626 1996 vico
653 1930 866 2013 deser-vinnm
895 1932 975 2018 quia
1004 1930 1161 1995 veniente

156 2031 240 2116 ‘lupo
261 2029 409 2116 fugiunt,
432 2028 509 2094 dum
519 2051 553 2095 ss
567 2028 629 2094 sub
641 2030 774 2096 silentio
785 2029 1004 2098 abscondunt.
1023 2030 1048 2116 ¹)
1070 2029 1161 2094 Hinc

158 2151 305 2218 namque
326 2151 384 2196 eos
409 2149 472 2216 per
497 2126 700 2218 Prophetam
722 2131 886 2196 Dominus
911 2132 1079 2216 increpat,
1108 2125 1160 2192 di·

161 2251 258 2296 cens:
286 2229 422 2296 Oanos
452 2230 555 2295 muti
581 2251 668 2296 non
691 2229 904 2296 valentes
930 2222 1158 2312 latrare.²)

160 2329 250 2396 Hinc
270 2351 404 2394 rursum
426 2330 590 2416 queritur,
614 2328 744 2394 dicens:
765 2327 856 2394 Non
879 2327 1159 2395 ascendistis
1240 2317 1241 2375 t

162 2428 456 2512 suadesne,
490 2451 568 2496 nec
601 2430 876 2516 opposuistis
904 2447 1063 2494 murum
1085 2447 1159 2514 pro

157 2528 468 2611 wdomoIsraol
496 2539 541 2595 ut
564 2528 1065 2617 staretisinpraslioin
1088 2527 1159 2590 die
1239 2551 1240 2562 ι

156 2628 338 2694 Domini.
354 2627 380 2714 3)
423 2629 478 2694 Ex
500 2628 641 2695 adverso
671 2630 796 2716 quippe
820 2629 1001 2695 ascendere
1024 2637 1075 2693 est
1096 2649 1158 2714 pro

161 2727 357 2794 defensione
380 2730 494 2815 gregis
516 2750 597 2795 voco
618 2726 723 2793 libera
753 2728 854 2816 hujus
875 2728 990 2794 mnndi
1010 2737 1159 2814 potesta-

158 2827 254 2894 tibus
283 2851 345 2896 con
346 2830 460 2894 traire.
504 2826 579 2892 Et·
570 2849 606 2892 m
628 2825 682 2893 die
698 2827 867 2894 Domini
858 2851 894 2894 ιιι
916 2828 1045 2914 praelio
1068 2836 1158 2894 stare

164 2937 215 2994 est
235 2929 351 3014 pravis
373 2925 626 2993 decertantibus
638 2951 681 2992 ex
695 2927 850 3016 justitiae
866 2947 977 2994 amore
989 2929 1158 2994 resistere.

164 3027 297 3095 Pastori
319 3031 405 3094 enim
426 3035 519 3091 rocta
547 3027 698 3094 timuisse
720 3027 849 3109 dicere,
880 3026 960 3115 qnid
989 3039 1039 3092 est
1064 3025 1161 3092 aliud

67 3166 70 3174 ι
164 3149 264 3215 quam
290 3126 430 3194 tacendo
457 3133 555 3212 terga
584 3126 809 3214 praebuisse?
852 3126 921 3207 Qui
951 3127 1107 3194 nimirum
1129 3127 1159 3192 si

163 3249 225 3316 pro
247 3249 348 3315 grego
371 3247 406 3291 se
430 3223 560 3313 objicit,
582 3247 713 3296 murum
733 3249 795 3315 pro
819 3227 915 3294 domo
927 3225 1159 3294 Issaeihosti·

163 3327 229 3396 bus
250 3328 397 3416 opponit.
440 3326 528 3393 Hinc
554 3349 685 3394 rursum
718 3327 928 3414 delinquenti
957 3327 1082 3415 populo
1109 3326 1159 3392 di·

1235 2965 1238 3060 i

163 3431 276 3496 citurt
304 3427 559 3516 Prophetas
587 3429 657 3493 tui
688 3427 899 3496 viderunt
927 3425 1009 3494 tibi
1034 3424 1159 3492 falsa
1234 3479 1235 3484 1

164 3537 205 3594 et
227 3526 373 3612 stulta,
394 3551 467 3595 nec
490 3525 1158 3616 aperiebantiniquitatcmtuam,

161 3681 450 3704 m—

201 3776 220 3838 ¹>
237 3776 313 3833 son.
333 3778 373 3847 10,
393 3778 434 3842 ιο
454 3805 485 3842 :-
504 3773 525 3840 ’)
544 3775 607 3832 lar.
626 3773 668 3844 ss,
687 3773 728 3829 ιο.
748 3801 777 3812 -
800 3771 823 3842 ³)
841 3775 934 3829 azar.
954 3772 994 3841 13,
1011 3774 1035 3828 ο.
