2462 4220
447 230 778 328 ..carr--¹

62 427 277 507 peccatorum
299 429 487 488 nostrorum
504 417 644 486 maculis
667 417 817 499 exhibet,
842 417 919 484 dum
942 438 983 482 sa
1005 439 1067 504 per

63 524 151 585 quae
181 510 330 566 sanctae·
352 503 484 566 animae
515 523 660 588 superno
695 523 817 586 sponso
852 499 1065 586 placuerunt,

62 582 227 650 intuenda
250 583 349 648 nobis
372 583 530 650 caelestia
546 591 727 681 praecepta
750 582 898 667 praebet.
919 579 944 667 ¹)
983 581 1065 662 Qui·
1167 614 1176 618 -

62 665 179 732 bussi
201 665 381 750 diligenter
403 667 623 746 intendimus,
650 677 802 730 rnternae
824 673 959 732 nostrae
982 667 1064 728 irua-

64 750 155 832 ginis
183 747 337 814 maculas
363 749 524 814 videmus.
569 746 735 812 Videntes
764 759 876 812 autem
903 745 1066 829 maculae,

62 835 98 896 in
109 833 338 918 poenitentiae
351 830 464 898 dolore
477 831 745 919 compungimur:
767 831 957 914 compuncti
971 851 1064 910 vero,

61 914 163 997 quasi
184 914 218 978 in
241 912 335 978 labro
358 915 398 978 de
422 913 568 996 speculis
589 913 764 976 mulierum
786 911 947 976 lavamur.

125 997 176 1058 ll.
210 996 272 1062 Est
287 1006 400 1061 autom
414 995 761 1072 valdeneeesserium‚
786 1005 823 1058 ut
846 1014 919 1056 cum
943 994 983 1060 de
1006 1015 1064 1060 nc·

63 1077 117 1144 bis
140 1079 173 1144 in
196 1081 449 1162 compunctione
480 1078 660 1158 afficimur,
692 1078 792 1142 etiam
816 1077 1064 1142 commissorum

59 1161 163 1227 nobis
186 1163 288 1225 vitam
311 1161 465 1226 zelemus.
510 1161 566 1224 Sic
583 1181 663 1243 ergo
685 1182 746 1224 nos
770 1157 957 1224 amaritudo
973 1178 1064 1222 eom·

61 1243 256 1329 punctionis
278 1243 417 1322 afficiat,
441 1253 479 1308 ut
497 1255 608 1308 tamen
631 1264 651 1304 a
666 1241 890 1327 proximorum
913 1239 1066 1306 custodia

64 1348 132 1390 non
153 1334 307 1392 avertat.¹
338 1325 431 1406 Quid
459 1326 548 1391 enim
576 1324 733 1411 prodest,
766 1325 969 1388 siamantes
987 1343 1065 1388 uos·

61 1408 141 1472 meti
169 1430 239 1487 sos,
261 1407 491 1494 relinquamus
513 1409 705 1493 proximos?
738 1403 803 1472 Vel
825 1407 904 1488 quid
929 1425 1065 1470 rursum

61 1513 124 1574 pro
151 1499 211 1570 est,
234 1490 263 1554 si
285 1500 435 1556 amantes
457 1489 675 1556 velzclantes
693 1490 873 1576 proximos,
896 1487 1065 1572 relinque-

61 1595 138 1638 mus
160 1573 401 1653 nosmetipsos?
434 1572 474 1636 In
489 1583 684 1638 ornamento
697 1572 822 1657 quippe
844 1567 1063 1648 tabernaculi,

63 1654 117 1720 bis
138 1655 264 1720 tinctus
293 1675 414 1720 coccus
442 1653 555 1720 offerri
581 1653 805 1742 praecipitur:
831 1663 869 1720 ut
899 1663 976 1718 ante
999 1651 1066 1716 Dei

64 1735 181 1802 oculos
203 1737 329 1804 ceritas
352 1747 466 1802 nostra
487 1737 554 1804 Dei
579 1750 612 1803 ct
637 1739 782 1820 proximi
804 1758 915 1802 amore
937 1733 1064 1801 colore·

62 1829 131 1887 tur.
146 1818 173 1904 2)
217 1818 279 1886 Ille
302 1830 416 1886 autem
436 1843 514 1888 vere
536 1842 574 1884 se
593 1821 654 1886 dili
681 1821 728 1916 it,
760 1821 826 1916 qui·
845 1841 929 1904 pure
953 1816 1066 1898 diligit

62 1911 243 1977 auctorem.
288 1901 382 1968 Tunc
411 1924 493 1986 crgo
522 1922 638 1968 coecus
657 1841 712 1965 bre
743 1903 900 1984 cingam,
930 1898 1065 1985 quande

62 2005 145 2133 erga
168 2007 202 2048 se
232 1993 264 2049 et
293 1985 482 2070 proximum
510 2007 552 2050 ex
574 2006 687 2051 amore
717 1983 868 2048 veritatis
884 1982 910 2066 3)
934 1983 1065 2049 animus

21 2123 24 2130 .
61 2069 96 2133 in
125 2075 298 2133 emmatur.

125 2149 177 2212 12.
210 2147 275 2214 Sed
305 2150 393 2214 inter
419 2147 702 2229 baeoscicndum
732 2145 828 2212 nobis
859 2154 927 2226 est,
958 2154 995 2210 ut
1018 2145 1065 2210 sic

62 2241 263 2298 exerceatur
282 2229 380 2298 celus
395 2232 606 2298 rectitudinis
626 2243 743 2296 contra
758 2252 867 2314 prava
889 2239 966 2295 acta
988 2249 1065 2313 pre·

61 2315 238 2391 azimorum,
262 2323 430 2400 quatenus
441 2317 476 2380 iu
492 2313 624 2382 fervore
637 2313 854 2378 districtionis
866 2307 1066 2383 nullomodo
1146 2335 1148 2338 ·

60 2395 277 2480 relinquatur
298 2397 407 2462 virtus
427 2394 706 2462 mansuetudinis.
738 2396 796 2460 Ira
810 2394 932 2460 etenim
948 2411 1065 2458 sacer·

61 2478 153 2544 dotis
173 2501 388 2576 nequaquam
411 2479 511 2544 debet
533 2501 605 2544 esse
623 2499 787 2564 praeceps
809 2490 843 2542 et
858 2471 1066 2560 perturbata,

61 2560 124 2626 sed
146 2582 254 2644 magro
277 2583 319 2626 ex
340 2561 471 2626 consilii
493 2563 661 2646 gravitate
683 2560 879 2644 mitiganda.
924 2557 968 2622 Et
989 2578 1065 2641 por-

62 2654 138 2708 tare
161 2664 242 2727 ergo
253 2641 413 2708 debemus
424 2667 507 2729 quos
521 2645 727 2728 corrigimus,
750 2655 785 2708 ct
799 2643 967 2728 corrigere
979 2657 1067 2722 quos

62 2734 251 2810 portamus:
283 2728 378 2790 nesi
409 2748 451 2792 ex
473 2738 615 2812 utroque
642 2749 745 2791 unum
768 2725 926 2804 defuerit,
956 2721 1011 2788 vel
1032 2721 1066 2784 in

63 2811 209 2886 fervore,
232 2806 288 2874 vel
310 2807 347 2874 in
369 2811 626 2875 mansuetudine
648 2811 735 2874 actio
759 2803 977 2874 sacerdotalis
999 2825 1068 2870 non

65 2893 119 2955 sit.
162 2890 228 2954 Hic
250 2911 396 2974 namque
418 2902 471 2956 est
493 2893 581 2976 quod
603 2892 638 2954 in
660 2891 778 2975 templi
800 2889 986 2956 ministerio
998 2936 1008 2968 ,
1031 2887 1067 2950 in

63 2971 203 3038 basibus
234 2971 351 3057 templi
373 2972 556 3060 sculptorio
583 2997 684 3058 opere
715 2973 885 3039 leones-ct
906 2971 1011 3038 boves
1034 2977 1068 3032 et

65 3052 249 3121 Cherubim
273 3075 434 3139 expressa
457 3066 545 3122 sunt.
580 3055 760 3124 Cherubim
778 3057 836 3142 qui
862 3078 903 3142 pc
924 3064 975 3118 est
997 3051 1064 3138 ple·

64 3135 183 3204 nitudc
201 3137 372 3202 scientiae.
401 3137 483 3203 ·Sed
501 3140 581 3225 quid
602 3151 664 3220 est,
690 3140 777 3223 quod
792 3143 829 3204 in
839 3079 984 3204 basibus
1005 3153 1067 3202 nec

64 3219 183 3284 leones
213 3221 286 3286 sine
313 3219 436 3301 bobus,
465 3243 526 3287 nec
549 3221 652 3291 boves
680 3227 754 3286 sine
781 3221 931 3287 leonibus
957 3216 1068 3284 fiunt?

66 3301 160 3381 Quid
188 3302 276 3365 enirn
309 3302 403 3368 aliud
429 3304 610 3388 designant
638 3307 737 3370 bases
765 3305 799 3368 iu
829 3315 893 3368 tem
920 3300 969 3380 lo,
1001 3298 1068 3366 nisi

66 3383 258 3450 sacerdotes
280 3385 316 3450 in
339 3385 518 3452 Ecclesia?
547 3388 615 3468 Qui
636 3387 714 3454 dum
736 3387 879 3452 sollicitu
906 3390 993 3452 inem
1016 3405 1067 3448 rc·

65 3467 202 3551 gimiuis
232 3465 395 3550 tolerant,
428 3472 528 3556 quasi
548 3493 640 3544 more
672 3470 806 3537 basium
828 3467 1067 3558 superimposi-

103 3647 126 3709 ¹)
144 3644 209 3726 Alit.
233 3644 364 3713 praebent.
391 3673 420 3685 —
456 3645 476 3711 ²)
494 3647 576 3701 uxor.
594 3647 642 3714 25,
669 3645 695 3703 l.
720 3675 752 3686 -
789 3644 893 3716 ¹)t1u.
922 3660 955 3702 ox
981 3659 1068 3700 amora

136 3715 263 3770 caritatis.
