2468 4218
444 258 648 322 ...69-

41 428 148 508 nerit,
171 445 237 491 non
259 425 401 508 occidit3
424 425 504 511 quia
527 445 601 494 curn
624 422 796 492 districtus
813 421 921 511 judex
939 444 1046 488 vene-

40 527 100 608 rit,
125 525 184 610 qui
207 545 280 590 sese
310 523 408 591 nobis
429 545 491 612 per
520 533 664 590 naturae
685 533 819 590 nostrae
841 521 1046 589 consortium

36 626 175 712 junxit,
207 623 250 689 ab
272 645 312 690 eo
334 623 454 710 procul
477 623 580 690 dubio
607 622 724 709 culpae
745 630 876 688 reatum
896 643 966 688 non
987 641 1044 684 ex-

39 725 152 812 petit,
181 745 280 810 quem
310 723 373 790 sub
403 724 476 810 ejus
497 725 597 790 venia
620 722 722 804 lidos,
757 743 832 808 spes
862 731 895 786 et
924 721 1048 786 caritas

41 821 229 889 abscondit.

373 977 606 1066 caron
649 999 710 1063 xi.

83 1135 266 1201 Quantum
291 1139 411 1186 rector
429 1133 684 1200 sacraeLogie
708 1131 1011 1186 meditationibus

330 1233 409 1271 csse
434 1219 565 1272 debeat
589 1220 764 1272 intentus.

111 1355 178 1421 Sed
200 1377 295 1421 omne
317 1355 379 1420 hoc
399 1357 463 1420 rite
485 1377 505 1419 a
527 1365 653 1420 rectore
674 1355 802 1440 agitur,
827 1355 856 1417 si
878 1373 1045 1434 supernae

41 1453 232 1520 formidinis
255 1463 288 1520 et
300 1453 490 1520 dilectionis
503 1454 621 1542 spiritu
634 1453 769 1518 afflatus
796 1451 942 1518 studiose
966 1475 1047 1540 quo·

41 1553 127 1619 tidie
151 1554 239 1618 sacri
262 1552 387 1640 eloquii
404 1566 584 1640 praecepta
598 1552 786 1634 meditetur,
809 1555 896 1619 utin
919 1573 957 1618 eo
979 1553 1048 1617 vim

44 1653 282 1720 sollicitudinis
305 1664 337 1718 et
367 1675 448 1738 erga
470 1651 643 1718 coelestem
669 1652 775 1716 ,vitam
797 1651 959 1739 providae
982 1653 1046 1717 cir·

43 1752 320 1839 cumspectionis,
346 1773 446 1838 quem
478 1749 644 1816 humanae
673 1751 938 1818 conversationis
965 1774 1047 1817 usus

42 1851 273 1918 indesinenter
306 1851 466 1933 destruit,
499 1851 635 1917 divinae
674 1849 909 1917 admonitionis
942 1850 1048 1918 verba

42 1960 255 2036 restaurent,
284 1951 397 2038 etqui
420 1951 464 2018 ad
484 1961 685 2018 vetustatem
708 1952 798 2017 vitae
822 1973 883 2038 per
906 1953 1047 2017 societa-

42 2064 112 2119 tem
137 2049 339 2118 secularium
361 2050 506 2134 duoitur,
530 2051 573 2116 ad
584 2073 730 2116 amorem
742 2073 872 2136 semper
887 2050 1050 2138 spiritalis

41 2151 178 2239 patriae
190 2151 454 2236 compunctionis
467 2148 693 2236 adspiratione
705 2157 895 2214 renovetur.
938 2147 1050 2215 Valde

41 2272 191 2336 namque
214 2251 302 2316 inter
322 2249 470 2315 humana
484 2247 591 2314 verba
605 2270 662 2314 cor
684 2247 816 2330 defluit3
838 2269 980 2335 cumque
995 2248 1045 2312 in‘-

42 2347 242 2415 dubitanter
264 2358 408 2430 constet,
432 2346 522 2435 quod
544 2347 693 2413 externis
717 2349 972 2434 occupationum
993 2356 1046 2413 tu·

41 2446 206 2513 moltibus
227 2448 404 2535 impulsum
424 2470 445 2512 a
467 2448 643 2530 semetipso
666 2458 811 2530 corruat,
835 2447 969 2513 studere
994 2448 1045 2514 in·

43 2546 257 2613 cessabiliter
280 2546 388 2630 debet,
410 2556 448 2612 ut
468 2569 529 2634 per
552 2545 751 2613 eruditionis
768 2545 912 2612 studium
935 2569 1047 2612 resur-

42 2658 113 2732 gat.
134 2645 160 2733 ¹)
205 2647 293 2713 Hino
314 2656 366 2712 est
389 2647 488 2728 enirn,
512 2647 602 2733 quod
623 2645 812 2733 praelatum
828 2649 924 2730 gregi
946 2646 1045 2712 disci·

44 2790 349 2804 '‘mmm-*n-

78 2881 98 2942 ¹)
119 2875 216 2931 Sacrae
234 2878 380 2945 scripturae
398 2877 530 2929 assiduam
549 2877 687 2930 lectionem
706 2876 733 2928 S.
743 2875 851 2942 Gregor.
872 2880 897 2926 et
908 2875 974 2930 alibi
981 2891 1046 2946 pas·

114 2965 165 3016 sim
184 2963 275 3017 sedulo
293 2963 416 3016 inculcat.
453 2959 497 3015 Sic
516 2963 562 3017 lib.
581 2965 628 3016 IV.
647 2961 741 3019 Moral.
768 2977 826 3030 cop.
844 2963 869 3015 1.
905 2964 1047 3028 „Veritatis

113 3047 305 3118 intelligentie,
324 3049 376 3116 ait,
396 3063 455 3102 cum
474 3063 520 3118 per
536 3051 620 3103 cordis
637 3049 810 3102 humilitatem
829 3050 982 3117 quaeritur,
999 3065 1047 3102 as·

112 3135 238 3190 uiduitate
256 3135 361 3204 legendi
379 3141 535 3205 penetratur.
571 3134 646 3189 Sicut
663 3139 730 3190 enim
748 3139 896 3204 ignotorum
916 3136 1047 3188 hominum

114 3219 199 3274 facies
218 3221 363 3290 cernimus,
391 3228 416 3274 et
433 3223 511 3276 cordo
527 3223 674 3289 nescimus,
699 3223 743 3276 seri
763 3222 787 3301 si
804 3219 929 3274 familiari
947 3221 987 3274 eis
1003 3221 1047 3274 lo·

114 3307 219 3360 cutione
236 3307 433 3377 conjungimur,
461 3322 512 3362 usu
529 3307 656 3376 colloquii
673 3293 761 3362 eorum
780 3307 860 3361 etiam
877 3295 1049 3374 cogitationes

115 3393 288 3462 indagamus:
318 3395 356 3447 ita
378 3409 437 3448 cum
459 3395 487 3448 in
513 3409 587 3448 sacro
614 3393 721 3462 eloquio
739 3394 797 3449 sola
816 3383 934 3460 historia
946 3391 1047 3461 aspici-

114 3485 173 3546 tur,
191 3479 261 3534 nihil
278 3480 352 3534 alind
370 3496 447 3550 qnam
465 3479 548 3535 iacies
566 3481 684 3550 videtur3
702 3481 747 3533 e'cd
766 3479 790 3532 si
807 3479 1046 3534 hnioassiduousu

115 3558 312 3637 conjungimur,
331 3568 388 3637 ejus
403 3567 528 3622 nimirum
545 3571 654 3620 mentem
674 3565 754 3650 quasi
769 3549 1048 3628 orcollocutionisia·

114 3652 265 3707 miliaritnto
279 3647 457 3724 penetramus.
459 3653 474 3684 “
509 3637 839 3709 persuadeamus
858 3645 1049 3710 omnoseeorae

114 3739 260 3809 scripturae
283 3739 433 3810 diligentem
459 3740 595 3795 lectionem
619 3739 735 3808 gratita
759 3725 945 3794 conueniant
980 3734 1046 3790 Sui-
