2468 4224
556 257 740 320 ...4.-

146 431 375 523 melliaco,
409 431 613 525 quissent,
647 432 783 502 incaute
814 449 884 500 non
910 437 1070 524 expetat3
1110 435 1152 499 et

147 550 204 643 qui
230 551 366 634 incaute
384 548 548 643 expetiit,
574 546 733 643 adeptum
752 566 792 618 se
812 566 890 617 esse
911 547 1145 641 pertimescat.

148 664 399 760 Quadripertita
429 685 517 737 vero
550 663 776 759 disputatione
809 661 897 734 liber
929 663 996 733 iste
1020 661 1148 735 distin·

147 785 262 877 guitur
276 777 325 876 ¹),
343 791 380 853 ut
394 780 437 854 ad
448 781 653 856 lectorissui
668 782 814 852 animum
827 777 991 851 ordinatis
1008 777 1147 871 allega·

145 896 297 970 tionibus
322 895 632 992 quasiquibusdam
659 893 814 991 passibus
832 894 1017 988 gradiatur.
1056 893 1146 968 Nam

146 1035 349 1090 cumrerum
362 1014 553 1086 necessitas
566 1015 735 1108 exposcis,
744 1011 954 1108 pensandum
966 1011 1065 1086 valde
1077 1022 1148 1102 ost,

146 1130 189 1203 ad
207 1131 341 1203 culmen
360 1132 503 1226 quisque
523 1131 699 1224 regiminis
723 1129 868 1224 qualiter
880 1129 1018 1217 veniat;
1042 1140 1149 1223 atque

137 1242 189 1318 'ad
211 1243 276 1319 hoc
296 1249 362 1320 rite
382 1247 592 1340 perveniens
619 1245 765 1341 qualiter
783 1247 901 1336 vivat,
924 1244 1061 1318 sthene
1084 1247 1148 1317 vi-

144 1385 233 1436 vens
258 1362 404 1456 qualiter
428 1361 562 1456 doceat,
586 1372 621 1433 et
646 1371 743 1432 recte
764 1360 891 1434 docens
913 1360 1149 1435 infirmitatem

146 1501 241 1555 suum
255 1476 406 1572 quotidie
424 1487 547 1572 quanta
563 1476 838 1551 consideratione
865 1490 1072 1572 cognoscat3
1098 1501 1148 1551 nc

147 1605 204 1667 aut
221 1593 390 1666 humilitas
407 1593 729 1687 accessumfugiat,
756 1605 818 1666 aut*
833 1598 1051 1690 perventioni
1071 1597 1149 1668 vita

147 1711 377 1812 contradicat,
395 1721 452 1784 aut
463 1713 568 1783 vitam
580 1712 733 1784 doctrina
743 1710 916 1803 destituat,
942 1722 1000 1784 aut
1013 1712 1149 1784 doctri·
1223 1787 1224 1814 q

147 1851 225 1902 nam
259 1829 466 1924 praesumtio
499 1829 654 1900 extollat.
705 1828 804 1902 Prius
838 1851 924 1922 argo
958 1831 1148 1924 appetitum

147 1948 250 2019 timor
274 1954 464 2040 temperet;
490 1955 568 2039 post
593 1955 706 2017 antem
732 1947 985 2039 magisterium,
1011 1945 1149 2040 quoda

147 2085 219 2136 non
237 2071 424 2157 quaerente
446 2063 641 2156 suscipitur,
666 2063 737 2135 vita
763 2062 994 2152 commendet;
1022 2085 1063 2135 ac
1083 2063 1148 2138 de·

147 2179 227 2254 inde
260 2202 405 2254 necesse
439 2189 512 2270 est,
549 2189 585 2251 ut
617 2178 769 2253 Pastoris
800 2178 925 2252 honum
962 2180 1052 2274 quod
1086 2182 1149 2251 vi-
1222 2171 1223 2220 l

148 2296 262 2369 vendo
285 2295 496 2386 ostenditur,
522 2295 814 2390 atiamloquendo
833 2307 1052 2392 propagetur.
1089 2297 1150 2370 Ad

149 2424 339 2512 extremum
379 2434 466 2484 vero
508 2424 666 2508 superest
675 2459 690 2508 ,·
726 2423 762 2484 ut
800 2411 953 2506 perlecta
990 2436 1151 2509 quaeque

148 2551 254 2630 opera
282 2528 510 2601 consideratio
544 2533 702 2624 propriae
735 2527 938 2602 infirmitatis
967 2528 1152 2625 deprimat,

234 2774 280 2826 vit.
317 2774 389 2828 Siout
410 2777 478 2828 enim
501 2776 548 2828 ille
570 2775 658 2828 cadem
682 2789 814 2827 excausa
838 2776 941 2844 scripsit
964 2778 995 2829 de
1013 2791 1061 2830 suu
1080 2776 1150 2844 iuga

234 2859 439 2929 apologeticum,
465 2875 517 2928 quo
534 2859 707 2928 periculosam
732 2859 858 2928 ejusmodi
883 2861 1046 2930 spiritualem
1064 2877 1147 2930 prae-

234 2945 359 2999 fecturam
378 2947 527 3012 ostendens,
555 2958 584 2998 se
601 2946 672 2997 haud
689 2946 842 3013 insipienter
858 2945 961 3013 fugisse
979 2952 1148 3001 monstraret:

235 3032 273 3084 ita
290 3033 387 3100 pariter
404 3033 448 3084 hio
466 3029 493 3084 S.
512 3030 655 3096 Gregorius
679 3031 812 3087 Romanus
830 3047 893 3086 suae
912 3032 991 3100 fugae
1008 3032 1145 3086 defensio-

237 3131 294 3169 nem
319 3131 432 3186 paraus,
466 3115 546 3166 simul
573 3115 682 3167 ostendit
708 3117 772 3168 tanti
794 3119 908 3170 muneris
934 3119 1094 3185 perieulum,
1120 3124 1146 3172 el

235 3201 317 3254 veluti
336 3216 369 3253 ex
386 3198 590 3252 eminentissima
607 3199 686 3251 totins
704 3203 792 3253 mundi
810 3201 938 3254 cathedra
956 3204 1055 3270 docuit,
1074 3221 1144 3273 qua·

234 3288 274 3340 les
293 3302 351 3339 esse
368 3285 484 3350 debeant,
501 3285 546 3352 qui
563 3285 631 3336 inter
648 3286 768 3338 Pasloros
780 3293 961 3352 assumuntur,
980 3293 1005 3340 et
1019 3292 1145 3357 quomodo

235 3374 364 3440 assumpti
382 3385 410 3423 se
428 3383 518 3436 gerare
537 3371 652 3423 debeant.

193 3459 213 3521 ¹)
235 3459 306 3510 Haeo
324 3454 466 3509 editoribus
484 3461 623 3508 suaserunt
640 3455 701 3509 libri
718 3455 797 3526 hujus
816 3457 843 3510 in
867 3463 977 3525 quatuor
994 3465 1081 3528 partes
1099 3461 1144 3513 di·

215 3545 376 3613 ·visionem3
403 3542 480 3594 cuius
497 3542 644 3609 partitionis
666 3547 796 3596 anetarum
819 3544 889 3596 haud
913 3545 1040 3599 immerito
1057 3550 1144 3613 ipsum

234 3627 263 3681 S.
281 3628 433 3695 Gregorium
458 3627 600 3695 eredimus,
632 3630 677 3697 qui
695 3634 767 3698 parte
783 3631 834 3682 ΙΠ.
853 3645 910 3700 cap.
929 3631 971 3687 26.
990 3647 1047 3685 eam
1071 3632 1144 3684 indi-

235 3720 290 3767 cet:
308 3713 405 3782 „Sicut³
424 3714 469 3784 ait,
487 3714 514 3768 in
525 3715 606 3784 priori
619 3715 699 3787 hujus
710 3718 849 3772 voluminis
859 3718 992 3789 partejam
1002 3718 1146 3774 diximus.“
