2468 4218
562 245 788 312 -118-

175 417 262 483 euim
283 416 361 501 poni
383 416 432 480 ori
455 435 515 480 suo
537 414 715 499 parietem,
742 411 799 476 sed
821 412 941 479 ostium
957 411 1052 497 petit,
1080 411 1168 499 quod

176 512 333 582 videlicet
354 513 507 601 operitur
529 523 562 578 et
583 511 758 580 clauditur.
791 508 890 576 Unde
911 508 1057 578 etnobis
1072 517 1168 576 ceute

175 609 371 681 discendum
400 621 468 694 ert,
502 621 669 698 quatenus
698 631 736 676 oe
765 607 945 676 discretum
967 620 1002 679 et
1023 630 1168 694 congruo

173 719 322 798 tempore
344 731 409 776 vox
419 712 561 798 operiet,
582 721 615 776 et
635 731 767 776 tursum
789 730 936 793 congruo
957 711 1169 778 taciturnitas

174 808 318 876 cluudut

237 908 420 974 utcontra
442 907 641 974 admouendi
664 919 743 976 suut
768 907 976 996 multiloquio
997 915 1170 989 vacanter,

175 1016 213 1072 ut
234 1006 415 1092 vigilanter
437 1008 622 1094 aspiciant,
652 1019 819 1096 equanto
848 1006 1058 1074 rectitudinis
1082 1014 1167 1072 stetu

175 1106 378 1195 depereunt,
411 1107 489 1172 dum
515 1129 577 1194 per
602 1107 803 1195 multiplicia
831 1106 938 1174 verbu
966 1105 1169 1172 dilabuntur,

172 1205 329 1274 Humano
358 1207 480 1273 etenim
508 1227 602 1274 mens
629 1229 739 1294 cquae
767 1229 858 1274 more
887 1205 1109 1274 circumcluso
1129 1202 1171 1270 ed

174 1307 346 1392 superiore
367 1304 547 1390 colligitur,
572 1307 651 1393 quin
670 1305 758 1374 illud
773 1310 907 1395 repetit,
930 1306 1018 1372 unde
1033 1306 1169 1372 descen·

173 1402 239 1486 dit,
261 1414 295 1469 et
314 1402 471 1470 relaxate
493 1404 639 1491 deperit,
668 1407 748 1492 quis
770 1429 806 1472 se
829 1427 890 1493 per
912 1406 1024 1472 infinie
1047 1403 1167 1475 inutili-

172 1512 224 1568 ter
246 1504 385 1588 spargit.
428 1504 518 1584 Quot
540 1506 626 1570 enim
650 1507 869 1594 supervacuis
890 1503 1005 1570 verbis
1027 1525 1050 1568 a·
1071 1503 1170 1570 silen-

173 1603 214 1672 tii
236 1602 289 1668 sui
309 1625 453 1672 censure
474 1605 676 1690 dissipetur,
706 1603 805 1690 qussi
832 1613 881 1672 tot
909 1603 992 1670 rivis
1014 1613 1113 1670 extre
1135 1625 1169 1670 se

173 1701 318 1775 ducitur,
360 1702 460 1770 Unde
487 1713 521 1768 et
550 1702 660 1770 redire
687 1705 829 1772 interius
858 1701 902 1769 nd
930 1705 983 1770 sui
1007 1703 1166 1788 cognitio·

171 1820 247 1870 nem
267 1823 334 1870 nou
355 1803 494 1884 suflicit,
530 1804 610 1890 quin
635 1825 696 1888 per
722 1802 970 1893 multiloquium
1001 1823 1168 1888 sparsus

172 1911 299 1969 secreto
323 1923 358 1966 se
380 1903 517 1971 intimae
543 1903 818 1970 considerationis
847 1903 1006 1970 excludit.
1052 1903 1168 1970 Totum

62 2059 73 2080 ,
170 2023 251 2068 uero
275 2023 310 2066 se
333 2001 527 2069 insidiantis
555 2001 662 2068 hostis
695 2000 892 2070 vulneribus
915 2001 1057 2087 detegit,
1091 2003 1168 2092 quin

169 2098 260 2168 nulls
280 2102 467 2170 munitione
491 2102 661 2168 custodiae
683 2100 925 2168 circumcludit.
969 2100 1067 2168 Unde
1091 2103 1167 2168 scri·

170 2208 263 2284 ptum
286 2215 353 2270 est:
385 2203 503 2268 Sicut
533 2200 632 2270 urbs
661 2211 815 2288 putens
845 2213 885 2266 et
906 2199 1067 2286 ubsque
1091 2225 1166 2270 mu·

169 2321 306 2368 rorum
335 2301 517 2382 ambitu,
548 2304 606 2368 itu
634 2303 717 2383 vir,
748 2303 926 2388 quinon
957 2311 1107 2387 potest
1129 2301 1168 2364 in

170 2400 387 2485 loquendo
412 2400 614 2466 cohibere
639 2402 831 2486 spiritum
856 2421 981 2465 suum.
1009 2396 1034 2487 ²)
1079 2399 1167 2480 Quis
1221 2397 1222 2412 ¹

172 2499 258 2566 onim
280 2522 410 2564 murum
433 2501 558 2566 silentii
580 2523 647 2566 non
669 2499 791 2582 habet,
814 2511 908 2588 putot
929 2500 1055 2567 inimici
1071 2501 1166 2586 jucu-

169 2598 211 2664 lis
232 2599 353 2666 civitas
374 2601 506 2680 mentis,
532 2610 564 2665 et
585 2623 659 2666 cum
677 2623 712 2666 se
730 2621 791 2682 per
807 2599 912 2665 verba
932 2609 1029 2686 extra
1048 2607 1165 2666 semet·
1221 2623 1222 2692 j

170 2700 276 2784 ipsum
301 2700 408 2784 ejicit,
433 2711 584 2784 apertam
606 2723 641 2766 se
660 2699 850 2766 adversario
869 2697 1023 2766 ostendit.
1056 2698 1167 2778 Quam

170 2807 262 2865 tanto
284 2798 344 2864 ille
365 2799 437 2864 sine
460 2799 576 2866 labore
599 2810 748 2886 superet,
773 2809 900 2886 quantu
917 2808 951 2864 et
967 2799 1054 2886 ipsa,
1079 2819 1165 2886 quoe

169 2897 326 2979 vincitur,
344 2908 459 2964 contra
473 2901 685 2988 semctipsum
695 2921 755 2986 per
767 2897 1013 2985 multiloquium
1026 2907 1165 2984 pugnet

234 2997 438 3085 Plerumque
460 3012 587 3080 eutem,
611 2999 690 3084 quis
712 3020 771 3084 per
794 2998 953 3085 quosdam
969 2996 1095 3082 gradus
1112 2997 1165 3062 de·
1220 3055 1222 3072 ,

170 3097 298 3166 sidioss
318 3119 411 3164 mens
434 3100 469 3166 in
490 3099 622 3185 lapsum
637 3119 735 3164 casus
750 3097 941 3183 impellitur,
963 3095 1040 3164 dum
1057 3098 1164 3166 otiosa

170 3220 288 3264 cavere
310 3196 413 3264 verbu
433 3199 654 3284 negligimus,
677 3197 720 3263 ed
741 3198 844 3278 nonis
865 3197 1095 3282 pervenimus:
1128 3205 1164 3262 ut
1221 3215 1222 3260 l

169 3299 264 3384 prius
286 3298 379 3384 loqui
400 3299 514 3364 alienu
537 3297 661 3380 libeat,
684 3295 889 3384 postmodum
902 3293 1163 3388 detractionibus

160 3419 284 3464 ¹eorum
305 3399 426 3480 titum,
451 3398 491 3462 de
514 3394 636 3484 quibus
658 3396 828 3483 loquitur,
852 3394 1018 3479 mordent,
1041 3393 1086 3460 sd
1105 3417 1162 3460 ex·

169 3504 310 3563 tremum
336 3519 416 3563 vero
444 3517 552 3584 usque
573 3495 618 3564 ud
649 3507 785 3585 apertus
807 3494 924 3580 lingua
945 3491 1165 3563 contumelias

167 3627 456 3648 ώ--ι--ι--ιι--ι-

204 3709 224 3771 ¹)
240 3706 316 3759 Prov-
333 3703 367 3762 25
376 3747 383 3777 ,
397 3705 444 3764 28.
