2468 4218
520 284 723 349 ..76-

190 446 300 513 Aliter
319 446 421 534 hujus
443 447 558 515 mnndi
579 451 760 535 sepientes,
781 449 877 516 aliter
898 449 1047 518 hebetes.

188 545 297 613 Aliter
317 547 544 634 impudentes,
567 549 665 616 aliter
687 549 881 618 verecundi.

187 647 295 714 Aliter
315 648 483 734 protervi,
508 648 604 714 aliter
624 648 866 734 pusillanimes.

187 747 294 814 Aliter
315 747 541 835 impatientes,
565 748 664 814 aliter
686 749 864 835 patientes.

188 845 298 913 Aliter
317 845 487 931 benevoli,
510 847 606 914 nliter
629 847 746 917 invidi.

188 947 298 1014 Aliter
318 948 501 1035 simplices,
524 946 618 1012 aliter
639 947 770 1034 impuri.

189 1047 299 1114 Aliter
319 1047 517 1129 incolumes,
541 1045 760 1132 aliteruegri.

188 1147 298 1214 Aliter
319 1150 377 1234 qui
405 1144 542 1231 flagella
563 1154 735 1228 metuunt,
766 1156 800 1212 et
819 1156 997 1234 propterea
1019 1149 1121 1215 inno·

126 1257 237 1314 center
257 1248 390 1329 vivunt3
412 1245 510 1311 aliter
531 1246 591 1331 qui
606 1247 654 1310 sie
675 1247 710 1310 in
723 1245 900 1333 iniquitate
917 1243 1121 1330 duruerunt,

125 1357 162 1413 nt
183 1367 292 1433 neque
315 1367 375 1433 per
396 1342 534 1430 flagella
557 1345 777 1429 corrigentur.

186 1447 297 1513 Aliter
325 1445 424 1511 nimis
444 1444 555 1526 taciti,
583 1444 682 1512 aliter
708 1445 915 1533 multiloquio
945 1453 1122 1513 vacantes.

165 1545 295 1611 ·Aliter
316 1545 421 1632 pigri,
445 1543 546 1610 aliter
565 1545 775 1631 praecipites.

186 1644 293 1710 Aliter
316 1647 498 1726 mansueti,
523 1643 621 1710 aliter
641 1643 803 1710 iracundi.

187 1744 295 1810 Aliter
317 1741 476 1826 humiles,
501 1742 598 1810 aliter
619 1742 714 1808 elati.¹

188 1842 296 1910 Aliter
318 1844 522 1930 pertinaces,
545 1841 645 1910 aliter
666 1843 902 1910 inconstantes.
1228 1903 1229 1914 ,

186 1942 296 2010 Aliter
318 1942 416 2028 gulae
438 1940 556 2026 dediti,
579 1941 678 2008 aliter
699 1941 916 2010 abstinentes.

186 2041 295 2109 Aliter
316 2043 377 2130 qui
398 2065 459 2109 sue
475 2039 731 2110 misericorditer
748 2042 916 2124 tribuunt,
941 2043 1040 2112 aliter
1057 2045 1117 2130 qui

125 2143 238 2210 aliens
258 2163 376 2230 repere
397 2142 608 2209 contendunt.

184 2242 295 2310 Aliter
325 2244 383 2326 qui
409 2262 473 2308 nec
500 2240 612 2308 aliens
641 2245 778 2330 rapiunt
800 2245 841 2330 ¹),
874 2266 937 2310 neo
967 2267 1028 2311 sue
1048 2244 1117 2311 ler-
1226 2287 1227 2316 l

126 2343 278 2428 giuntur3
307 2339 403 2406 aliter
433 2342 491 2428 qui
512 2351 544 2406 et
565 2360 626 2425 ee,
659 2362 747 2429 quae
768 2339 910 2428 hebent,
951 2343 1117 2428 tribuunt,

80 2471 85 2478 ·
127 2451 294 2507 ettamen
315 2439 427 2506 eliens
450 2461 570 2528 rupere
591 2461 658 2505 non
679 2439 852 2508 desistunt.

186 2539 296 2608 Aliter
317 2537 499 2622 discordes,
524 2540 623 2606 aliter
643 2541 766 2626 pecati.
1225 2489 1226 2583 l

141 2731 146 2738 .
188 2637 298 2706 Aliter
321 2641 521 2707 seminantes
537 2639 671 2728 jurgia,
695 2639 791 2706 aliter
811 2641 952 2729 pacifici.

188 2739 293 2806 Aliter
326 2741 383 2830 qui
414 2751 530 2806 secrete
565 2739 651 2826 legis
688 2740 794 2806 verbu
826 2763 891 2808 non
924 2741 1119 2828 intelligunt

127 2849 235 2922 recte3
256 2837 355 2906 aliter
376 2841 435 2929 qui
456 2846 548 2906 recte
570 2839 703 2927 quidem
726 2839 935 2926 intelligunt,
960 2839 1019 2910 sed
1034 2841 1123 2908 hsec

127 2939 298 3009 humiliter
317 2962 385 3008 non
406 2939 595 3026 loquuntur.
635 2923 641 2934 ’
1221 2941 1223 3074 p

188 3039 298 3106 Aliter
321 3042 398 3128 qui,
420 3059 495 3104 cnm
515 3037 615 3125 digne
636 3038 832 3127 praedicere
855 3037 1010 3124 vulcani,
1032 3047 1117 3128 pree

126 3141 228 3208 nimia
248 3139 439 3206 humilitate
459 3137 658 3225 formident,-
678 3140 777 3206 aliter
801 3161 883 3227 quos
904 3139 1117 3227 apraedica-

125 3232 215 3308 tidne
237 3238 440 3327 imperfectio
461 3237 517 3305 vel
538 3248 631 3306 setes
650 3237 818 3328 prohibet,
842 3247 1003 3305 ettamen
1017 3259 1117 3326 prue-

127 3339 277 3429 c'ipitetio
299 3335 445 3425 impellit.

139 3509 145 3517 ,
186 3439 296 3506 Aliter
323 3437 380 3525 qui
408 3437 445 3506 in
470 3435 548 3521 hoe,
581 3439 669 3528 quod
697 3435 922 3527 temporaliter
942 3445 1122 3528 appetunt,

126 3545 382 3632 prosperantem
414 3537 513 3607 aliter
543 3540 601 3627 qui
630 3561 670 3608 ee
700 3536 851 3625 quidem,
885 3560 972 3626 quse
1001 3537 1120 3608 mundi

128 3668 417 3693 m

162 3751 182 3814 ¹)
199 3749 264 3807 Alit.
280 3755 415 3819 ¹appetunt.
