2486 4222
477 229 683 299 .-47-

68 393 255 464 Servanda
284 395 401 481 itaque
430 404 482 464 est
518 403 552 463 et
587 394 623 462 in
650 394 749 464 eorde
776 393 948 463 humilitas
978 407 1011 462 et
1045 396 1082 467 in

68 517 176 583 opere
199 493 386 582 disciplina.
428 492 541 582 Atque
563 495 651 560 inter
672 493 757 564 haec
778 495 918 564 solerter
943 496 1079 564 intuen-

65 595 153 662 dum
182 603 252 678 est,
293 615 336 660 ne
369 591 448 659 dum
474 594 723 665 immoderatius
753 595 940 662 custoditur
968 596 1078 664 virtus

68 693 289 776 humititatis,
313 692 489 762 solvantur
506 695 589 780 jura
609 694 800 780 regiminis,
823 705 856 760 et
877 695 954 762 dum
976 717 1079 782 prae·
1171 745 1175 758 .

66 794 160 860 latus
183 793 327 880 quisque
349 791 427 878 plus
459 816 496 860 se
518 815 618 879 qnam
640 795 737 861 decet
760 794 894 881 dejicit,
925 794 1076 862 subdito·

68 915 148 963 rute
172 894 276 960 vitam
299 891 463 976 stringere
485 890 549 960 sub
563 892 761 980 disciplinae
775 895 908 962 vinculo
920 917 987 964 non
1000 917 1079 983 pos·

69 994 127 1060 sit.
174 991 326 1058 Teneant
348 1011 426 1076 ergo
448 1001 598 1058 rectores
617 993 784 1073 exterius,
815 993 904 1080 quod
919 1017 980 1082 pro
998 992 1079 1060 alio·
1119 1059 1124 1071 ,

69 1115 147 1160 rum
172 1091 319 1158 utilitate
342 1091 547 1180 suscipiunt3
574 1104 711 1160 servent
737 1093 894 1174 interius,
926 1092 1015 1179 quod
1036 1093 1079 1158 de

66 1215 136 1261 sue
157 1190 389 1259 aestimatione
410 1191 658 1276 pertimescunt
703 1189 771 1257 Sed
791 1200 903 1256 tamen
936 1191 1076 1276 quibus·

66 1290 147 1359 dem
171 1291 278 1374 signis
300 1287 458 1356 decenter
478 1288 730 1377 erumpentibus
752 1314 810 1358 eos
834 1291 925 1380 apud
946 1313 982 1356 se
1001 1312 1077 1356 esse

66 1387 219 1456 humiles
240 1389 340 1454 etiam
362 1387 505 1476 subjecti
519 1388 788 1476 deprehendent3
812 1402 978 1477 quatenns
994 1399 1027 1456 et
1040 1390 1076 1456 in

67 1489 272 1556 anctoritate
294 1510 429 1566 eorum,
459 1485 548 1576 quod
568 1487 765 1572 formident,
791 1488 950 1574 videant,
981 1488 1078 1562 etde

67 1586 285 1670 humilitate,
324 1587 414 1674 quod
442 1588 635 1670 imitentur,
669 1599 864 1673 agnoscant
909 1588 1076 1660 studeant

66 1687 176 1773 igitur
208 1687 278 1752 sine
307 1687 570 1770 intermissione,
605 1689 663 1774 qui
685 1701 866 1774 praesunt,
901 1700 1076 1756 uteorum

66 1787 224 1874 potentie
239 1795 365 1871 quanto
379 1808 502 1872 magna
516 1789 665 1854 exterius
683 1789 851 1871 cernitur,
874 1797 969 1856 tento
986 1789 1080 1877 apud

67 1909 130 1954 eos
153 1887 296 1954 interius
317 1885 535 1971 deprimatur,
557 1888 857 1972 recogitationem
880 1890 1008 1970 vincat,
1030 1911 1075 1954 ne

66 1987 104 2052 in
128 1983 386 2052 delectationem
408 1987 460 2052 sui
482 1988 628 2056 animum
650 1987 781 2073 rapiat,
804 2009 846 2052 ne
865 1988 937 2074 jam
959 1985 1075 2052 subse

69 2108 167 2150 mens
190 2107 263 2152 eam
285 2106 403 2168 regere
426 2107 492 2150 non
513 2085 637 2172 possit,
668 2086 723 2150 cui
746 2108 781 2150 se
809 2084 949 2150 libidine
971 2084 1075 2152 domi·

65 2183 175 2250 nendi
203 2187 369 2272 supponit
414 2183 465 2248 Ne
494 2184 580 2250 enim
610 2182 836 2270 praesidentis
864 2185 996 2248 animus
1029 2181 1074 2248 ad

69 2281 251 2348 elationem
268 2283 447 2368 potestatis
460 2305 541 2348 suae
558 2281 781 2348 delectatione
795 2283 960 2368 rapiatur,
981 2293 1073 2348 recte

68 2405 134 2468 per
158 2383 332 2469 quemdam
361 2384 546 2470 sapientem
567 2382 703 2448 dicitur:
734 2383 887 2450 Ducem
915 2394 956 2448 te
984 2405 1071 2449 con·

69 2485 329 2566 stituerunt,
363 2481 454 2548 noli
476 2482 656 2565 extolli,
688 2481 758 2548 sed
788 2491 878 2547 esto
909 2485 953 2548 in
974 2482 1071 2566 illis,

69 2585 196 2667 quasi
219 2606 326 2650 nnus
356 2605 404 2646 ex
431 2581 536 2648 illis.
559 2580 584 2668 ¹)
626 2583 715 2649 Hinc
736 2584 837 2647 etiam
868 2583 989 2649 Petrus
1009 2583 1071 2646 ait:

67 2680 163 2748 Non
190 2681 455 2748 dominantes
484 2683 525 2748 in
553 2670 686 2764 clero,
716 2683 788 2748 sed
816 2681 1071 2748 formafacti

67 2783 224 2868 gregis.
246 2778 271 2866 2)
313 2782 402 2851 Hinc
423 2804 483 2867 per
505 2783 716 2867 semetipsam
737 2782 871 2847 Veritas
893 2782 936 2846 ad
951 2781 1073 2848 altiora

65 2904 130 2948 nos
147 2881 307 2948 virtutum
321 2883 439 2948 merita
454 2904 660 2968 provocans,
685 2880 777 2948 dicit:
800 2879 946 2964 Scitis,
971 2882 1071 2969 quia

66 2981 293 3067 principes
323 2983 517 3066 gentium
540 2981 813 3047 dominantur
843 3004 1000 3064 eorum,
1032 2991 1072 3046 et
1181 3056 1186 3065 ¹

67 3083 142 3168 qui
164 3083 352 3168 majores
375 3093 490 3164 sunt,
513 3091 767 3167 potestatem
797 3090 1007 3148 exercent
1027 3081 1071 3146 in

66 3202 148 3246 eos.
193 3180 278 3246 Non
300 3180 357 3246 ita
379 3181 459 3246 erit
479 3181 594 3246 inter
616 3203 706 3263 vos,
731 3179 802 3248 sed
823 3181 1069 3268 quicumque

66 3279 257 3346 soluerit
288 3279 400 3346 inter
427 3302 501 3346 vos
522 3280 656 3366 major
682 3280 808 3363 fieri,
842 3281 896 3346 sit
923 3286 1070 3344 vester

66 3381 281 3461 minister,
304 3389 347 3446 et
368 3381 439 3464 qui
460 3378 651 3448 voluerit
671 3380 785 3448 inter
806 3401 880 3447 vos
902 3379 1070 3464 primus

68 3501 185 3562 esse,
208 3480 294 3544 erit
314 3488 461 3546 vester
483 3500 648 3563 servus3
671 3481 781 3547 sieut
800 3479 926 3546 filins
947 3476 1068 3546 homi-

103 3696 129 3766 ¹)
156 3697 236 3756 Ereti
253 3696 300 3766 32,
319 3699 343 3756 1.
363 3727 392 3740 -
408 3653 434 3765 ¹²)
453 3699 477 3754 1.
495 3699 563 3760 Pur.
581 3699 606 3768 5,
627 3699 653 3754 3.
