2468 4218
576 223 777 288 ...90-

178 391 419 460 manilestioris
442 412 484 454 ex
505 388 611 455 latere
622 390 807 476 requisitae
819 392 1019 479 improperio
1037 391 1176 462 eonlun-
1217 457 1218 464 ,

176 493 322 574 duntur3
350 502 387 556 ut
408 511 451 554 ex
473 511 528 572 eo,
560 489 650 577 quod
676 486 855 554 defendere
885 499 1074 577 nequeunt,
1099 513 1175 578 oog·
1217 487 1218 492 ’

108 593 113 605 ’
180 601 322 660 noscant
344 613 379 654 se
400 594 516 654 tenere
537 587 704 675 improbe,
728 587 817 674 quod
838 587 1031 655 defendunt.
1075 589 1175 656 Unde

175 714 255 758 oum
277 699 429 776 proterve
457 687 585 754 Paulus
609 686 796 754 Corinthios
826 687 1003 754 adversum
1034 712 1068 754 se
1091 689 1176 756 invi·

181 813 254 856 oem
274 788 403 854 videret
430 787 583 869 inflatos,
613 794 652 852 ut
677 786 763 852 alius
785 785 903 870 Pauli,
933 786 1018 852 alius
1040 786 1175 874 Apollo,

176 887 270 954 ¹alius
293 885 447 974 Cephae,
472 886 556 952 alius
579 885 706 952 Christi
728 908 801 952 esse
824 909 859 951 se
881 886 1016 971 diceret,
1036 885 1061 974 ¹)
1085 889 1175 954 inee-

179 995 253 1052 stus
275 985 404 1074 eulpam
426 987 460 1050 in
488 985 632 1052 medium
654 984 809 1068 deduxit,
839 1008 925 1072 quae
946 988 1037 1073 apud
1064 1011 1121 1055 eos
1145 998 1177 1053 et

179 1097 372 1174 perpetrata
399 1086 520 1169 fuerat,
551 1095 584 1152 et
606 1089 789 1152 incorrecte
811 1085 1022 1170 remanebat,
1047 1087 1183 1155 dicens:

177 1186 360 1252 Auditur
382 1187 496 1251 inter
518 1209 589 1252 vos
610 1186 878 1268 fornicatio,
910 1197 948 1251 et
969 1186 1072 1252 talis
1094 1186 1174 1254 for·

177 1287 377 1368 nicetio,
409 1287 558 1375 qualis
587 1307 664 1352 neo
690 1288 804 1352 inter
838 1296 1006 1372 gentes,
1038 1287 1102 1352 ita
1131 1296 1175 1352 ut

155 1399 346 1450 'uxorem
368 1386 507 1471 patris
532 1387 626 1471 quis
649 1383 810 1451 habeat.
854 1385 903 1450 Et
925 1406 998 1450 vos
1028 1384 1175 1451 inflati

180 1486 282 1550 estis
316 1492 354 1546 et
381 1506 468 1548 non
500 1487 632 1568 magis
665 1485 823 1551 luctum
852 1485 1101 1570 habuistis,
1134 1495 1175 1549 ut
1219 1501 1220 1508 ’

179 1583 408 1648 tolleretur
431 1583 632 1650 demedio
655 1594 859 1666 vestrum,
884 1583 1173 1671 quihoeopus

175 1680 293 1746 feeit.
308 1683 334 1768 ²)
377 1681 427 1746 Ao
451 1681 479 1748 si
500 1694 617 1768 aperte
639 1683 740 1749 dicat:
770 1683 861 1764 Quid
883 1691 948 1748 vos'
965 1707 1024 1770 per
1046 1695 1173 1770 proter·

178 1783 266 1845 viam
288 1780 389 1868 hujus
411 1781 462 1846 vel
487 1781 579 1847 illius
602 1783 725 1867 dicitis,
754 1785 811 1869 qui
833 1805 894 1869 per
924 1781 1173 1858 dissolutionem

177 1881 410 1966 negligentiae
433 1880 559 1947 nullius
580 1905 640 1948 vos
662 1904 736 1947 esse
758 1883 954 1946 mostratis?

241 1983 423 2064 utcontra,
438 1981 671 2066 pusillanimes
684 1983 797 2070 aptius
809 1981 853 2046 ad
866 1981 929 2046 iter
951 1979 1037 2046 bene
1051 1983 1176 2066 agendi

79 2135 84 2156 ,
178 2078 388 2163 reducimus,
423 2083 451 2148 si
475 2081 639 2168 quaedam
661 2081 792 2148 illorum
816 2079 905 2146 bona
929 2103 972 2144 ex
994 2077 1100 2146 latere
1124 2105 1173 2148 ro-

179 2181 368 2267 quiramus,
396 2191 433 2246 ut
455 2180 533 2247 dum
555 2182 660 2247 ineis
689 2178 757 2244 alia
779 2165 1052 2267 reprehendendo
1073 2184 1174 2248 oorri·

177 2281 298 2367 pimus,
322 2279 388 2344 alia
410 2280 638 2367 amplectendo
660 2277 849 2361 laudemus;
872 2289 1038 2365 quatenns
1061 2302 1176 2346 eornm

178 2377 431 2445 teneritudinem
462 2379 538 2446 laus
566 2379 681 2444 audita
702 2377 846 2460 nutriat,
877 2399 977 2464 quam
999 2377 1101 2464 eulpa
1123 2382 1172 2446 in·

177 2486 315 2567 orepata
336 2481 489 2565 castigat.
532 2478 733 2564 Plerumque
755 2489 865 2544 autem
883 2472 1000 2544 utilius
1022 2478 1117 2564 apud
1138 2481 1173 2544 il·

177 2576 227 2643 los
248 2577 450 2664 proficimus,
475 2581 504 2644 si
526 2588 559 2643 et
581 2598 693 2642 eorum
715 2576 801 2642 bene
824 2587 920 2662 gesta
941 2599 1171 2645 memoramus.

177 2677 223 2742 Et
250 2680 278 2742 si
305 2701 373 2766 qua
403 2679 447 2745 ab
471 2680 520 2744 eis
549 2675 735 2744 inordinate
765 2687 860 2761 gesta
883 2689 978 2760 sunt,
1008 2700 1074 2743 non
1101 2681 1173 2768 jam

176 2785 344 2864 tamquam
378 2786 568 2866 perpetrata
595 2777 805 2862 corripimus,
835 2777 893 2842 red
922 2778 1019 2863 quasi
1050 2776 1171 2859 adhue,

175 2898 220 2940 ne
241 2879 429 2963 perpetrari
451 2876 605 2959 debeant,
629 2876 857 2962 prohibemus,
880 2887 969 2943 utet
991 2876 1058 2959 illa,
1083 2900 1170 2964 quae

176 2975 412 3064 approbamus,
435 2976 545 3041 illatus
559 2975 656 3042 favor
667 2985 803 3062 augeat,
826 2985 982 3042 etoontra
1005 2998 1057 3058 ea,
1081 2998 1170 3063 quae

175 3075 466 3164 reprehendimus,
491 3079 598 3160 magis
619 3076 709 3160 apud
730 3075 960 3165 pusillanimes
983 3075 1170 3144 exhortatio

174 3176 364 3242 verecunda
398 3173 622 3242 convalescat.
678 3175 776 3242 Unde
809 3175 896 3240 idem
930 3175 1058 3240 Paulus
1096 3198 1171 3242 eum

174 3273 493 3341 Thessalonicenses
521 3275 723 3365 inaccepta
759 3275 1011 3362 praedieatione
1046 3274 1169 3362 perdu-

174 3388 303 3456 rantes,
333 3375 430 3460 quasi
453 3373 493 3440 de
516 3374 626 3442 visino
648 3373 764 3441 mundi
787 3375 925 3440 termino
949 3373 1093 3461 quadam
1116 3397 1169 3442 oo·

171 3484 350 3560 gnosceret
360 3472 636 3561 pusillanimitate
649 3474 813 3558 turbatos,
836 3474 929 3560 prius
942 3475 977 3539 in
1000 3474 1059 3556 eis,
1081 3495 1168 3562 quae

208 3685 227 3744 ¹)
248 3683 271 3737 ι.
290 3684 349 3739 cor.
369 3686 392 3753 1,
411 3686 452 3739 12.
470 3691 496 3740 a
512 3684 536 3752 3,
555 3684 579 3738 s.
600 3715 634 3724 -
652 3684 677 3752 ι)
696 3686 719 3738 1.
739 3685 798 3744 eor.
820 3686 845 3752 s,
867 3683 890 3737 1.
909 3686 934 3738 a.
1014 3655 1018 3664 “
