2486 4222
571 280 778 348 ..sp-

169 456 349 536 perversos
373 447 455 535 jura
484 446 694 514 rectitudinis
723 464 879 514 exercere
910 469 977 516 non
1005 445 1173 516 formidet.

176 545 264 612 llam
286 547 372 612 siout
393 543 543 611 inlibris
564 544 747 612 moralibus
761 544 791 634 ¹)
813 547 939 614 dixisse
951 549 1172 631 me'memini,

172 646 291 734 liquet,
315 644 405 732 quod
426 665 540 711 omnes
561 645 710 711 homines
722 653 844 712 natura
857 645 1018 732 aequales
1040 647 1170 732 genuit,

116 790 117 794 =
174 745 234 812 sed
268 746 423 810 variante
454 745 646 810 meritorum
685 743 802 810 ordine
837 745 919 811 alios
956 746 1033 812 aliis
1067 745 1172 834 eulpa

171 844 351 932 postponit.
395 844 476 930 Ipsa
498 851 610 910 autem
632 843 828 926 diversitas,
852 865 938 931 quae
961 845 1104 910 aeoessit
1126 866 1171 910 ex

172 945 266 1026 uitio,
290 940 402 1009 divino
422 941 552 1031 judicio
564 942 790 1030 dispensatur,
813 953 851 1009 ut
865 945 945 1030 quia
956 945 1168 1011 omnishomo

172 1065 280 1132 aeque
311 1052 401 1110 stare
438 1064 507 1108 non
536 1042 649 1126 ¹valet,
679 1043 768 1109 alter
802 1053 940 1130 regatur
973 1042 1016 1108 ab
1051 1042 1168 1109 altero.

172 1143 270 1209 Unde
292 1144 425 1224 cuncti,
459 1142 517 1230 qui
543 1152 723 1230 praesunt,
750 1165 817 1209 non
845 1144 882 1208 in
914 1164 949 1207 se
971 1151 1171 1228 potestatem

171 1240 296 1308 debent
308 1243 444 1326 ordinis,
468 1239 526 1306 sed
542 1241 782 1330 aequalitatem
792 1264 936 1330 pensare
953 1241 1172 1323 conditionis,

170 1363 233 1408 nee
253 1363 411 1430 praeesse
427 1361 462 1405 se
475 1341 665 1407 hominibus
682 1341 865 1428 gaudeant,
890 1341 948 1408 sed
962 1341 1167 1428 prodesse.²)

169 1439 311 1526 Antiqui
340 1441 463 1506 etenim
491 1447 606 1527 patres
635 1442 738 1507 nostri
769 1463 836 1506 non
864 1463 962 1525 reges
983 1440 1168 1522 hominum,

170 1538 231 1604 sed
251 1549 403 1625 pastores
434 1560 592 1626 pecorum
621 1539 725 1606 fuisse
754 1549 984 1606 memorantur.
1027 1539 1169 1606 Etcum

170 1637 240 1704 Noe
262 1638 428 1704 Dominus
458 1637 603 1726 filiisque
630 1641 704 1726 ejus
736 1637 875 1703 diceret:
905 1638 1104 1704 Crescite
1130 1648 1169 1702 et

168 1736 535 1822 multiplicamini,
559 1748 602 1804 et
622 1737 788 1824 replete
814 1747 988 1822 terram3
1012 1730 1168 1825 protinus

170 1836 342 1924 adjunxit:
363 1837 415 1903 Et
436 1848 583 1904 terror
605 1847 755 1902 vester
776 1859 820 1902 ac
842 1848 1005 1903 tremor
1029 1840 1084 1904 sit
1106 1861 1167 1904 su-

168 1957 242 2021 per
264 1945 416 2002 cuneta
438 1937 638 2001 animalia
660 1945 814 2025 terrae.
830 1935 856 2019 3)
901 1936 1052 2017 Quorum
1073 1935 1166 2004 vide-

168 2033 248 2099 lieet
278 2046 386 2100 terror
415 2054 454 2098 ae
483 2043 626 2118 tremor,
661 2038 741 2123 quia
777 2059 850 2102 esse
882 2057 982 2124 super
1010 2036 1168 2103 animalia

165 2144 278 2198 terrae
301 2135 519 2222 praecipitur,
543 2135 691 2222 profecto
714 2157 787 2200 esse
805 2159 905 2223 super
926 2135 1074 2202 homines
1090 2157 1166 2224 pro·

168 2231 314 2302 hibetur.
355 2234 460 2300 Homo
475 2235 599 2322 quippe
611 2233 720 2299 brutis
733 2233 946 2319 animalibus,
969 2257 1034 2301 non
1055 2245 1168 2300 autem

166 2330 358 2397 hominibus
386 2333 507 2398 ceteris
537 2342 658 2399 natura
688 2333 863 2421 praelatus
890 2345 959 2417 est,
984 2334 1164 2400 etidcirco

165 2431 197 2494 ei
219 2429 341 2497 dieitur
347 2480 357 2514 ,
388 2443 426 2497 ut
449 2432 493 2496 ab
522 2433 722 2499 animalibus
751 2443 784 2498 et
806 2455 873 2499 non
899 2432 943 2500 ab
974 2433 1165 2499 hominibus

163 2531 341 2613 timeatur,
376 2531 456 2618 quia
485 2541 600 2597 eontra
629 2542 785 2598 naturam
818 2530 995 2621 superbire
1026 2542 1093 2614 est,
1116 2531 1163 2599 ab

165 2631 301 2716 aequali
323 2629 411 2696 velle
432 2631 550 2696 timeri.
582 2631 761 2727 ,Etiamen
774 2653 911 2697 neeesse
934 2642 985 2697 est
996 2681 1006 2714 ,
1030 2641 1069 2696 ut
1090 2653 1163 2696 ree·

163 2738 252 2794 tores
282 2753 302 2795 a
336 2729 479 2796 subditis
506 2733 704 2812 timeantur,
738 2729 873 2816 quando
902 2728 946 2795 ab
974 2730 1022 2796 eis
1050 2730 1164 2796 Deum

164 2827 299 2892 minime
322 2827 430 2894 timeri
451 2828 716 2916 deprehendunt
738 2837 775 2894 ut
789 2829 936 2894 humana
958 2825 1076 2892 saltem
1098 2827 1164 2894 for·

163 2926 288 2993 midine
310 2950 449 3013 peceare
466 2936 629 3010 metuant,
655 2929 713 3016 qui
734 2928 849 2994 divina
866 2925 996 3013 judicia
1008 2949 1074 2991 non
1093 2927 1163 2994 for·

164 3026 301 3092 midant.
359 3025 580 3114 Nequaquam
617 3047 762 3112 namque
797 3027 984 3115 praepositi
1024 3049 1068 3094 es
1100 3027 1165 3094 hoe

164 3125 319 3213 quaesito
348 3126 467 3192 timore
497 3123 722 3210 superbiunt,
737 3127 773 3195 in
796 3149 862 3213 quo
883 3149 952 3194 non
974 3148 1070 3192 suam
1092 3125 1162 3211 glo·

161 3225 264 3308 riam,
301 3223 361 3290 sed
390 3222 597 3322 subditorum
615 3279 618 3286 ,
626 3225 796 3313 justitiam
826 3234 1000 3311 quaerunt.
1053 3225 1095 3292 In
1122 3247 1163 3294 eo

193 3482 215 3554 ¹)
231 3483 291 3540 Lib.
307 3483 349 3549 21,
368 3497 426 3552 esp.
444 3482 486 3535 21.
503 3483 561 3600 apii.
580 3485 624 3551 10,
649 3486 723 3623 quog
741 3501 787 3555 par
812 3486 941 3554 integrum
960 3487 991 3540 de
1008 3487 1057 3544 boe
1074 3503 1163 3556 argu-

416 3574 433 3622 l·
459 3598 493 3608 -·
724 3608 732 3624 ·
772 3611 779 3624 ·
890 3573 897 3592 “’
925 3573 931 3586 ’
1094 3615 1100 3628 .

228 3567 541 3723 ἓῖἶῗωιρΐΐαοῗὶᾱοηωτε)
554 3569 692 3726 ,lisblitqua
709 3569 1167 3730 (sinduiiilclbollffldrdrsss

217 3740 325 3807 'magia
343 3755 422 3810 quam
438 3742 586 3812 praesasa“
604 3741 678 3812 --”)
695 3741 760 3797 Oen.
777 3743 803 3809 9,
822 3739 847 3796 1.
866 3746 890 3798 Ἰ.
