2462 4220
578 257 807 324 -238-

184 445 251 510 que
280 423 393 490 animo
424 443 526 503 super
554 423 669 506 gregis
700 420 888 488 cuatodiam
910 419 1031 486 stabat
1077 421 1193 506 Lupus
1217 449 1218 466 ¹

184 506 307 570 etenim
339 527 441 590 super
470 527 549 570 oves
578 508 689 586 venit,
723 527 795 570 cum
824 503 968 590 quilibet
989 507 1141 591 injustus
1161 517 1218 569 et

182 597 313 669 raptor,
336 585 453 652 fideles
476 608 626 684 quosque
644 598 746 672 atque
769 586 909 650 humiles
922 588 1091 672 opprimit
1129 585 1191 651 Sed
1217 601 1218 628 l

184 671 213 733 ie
237 671 296 754 qui
316 680 432 756 pastor
455 690 528 732 esse
551 669 732 734 v1debatur
756 679 788 733 et
815 689 883 734 non
906 679 998 748 erat,
1028 669 1195 754 relinquit

183 774 262 816 oves
285 761 318 814 ct
339 751 440 834 fugit:
474 752 553 836 quia
583 751 660 815 dum
691 749 755 816 sibi
782 751 826 815 ab
854 772 891 815 eo
914 749 1104 836 periculum
1129 775 1190 816 me·
1218 779 1219 826 l

182 833 250 898 tuit
265 831 305 916 ¹),
327 833 484 900 resistere
508 836 582 918 ejus
605 834 794 919 injustitiae
816 856 884 898 non
899 836 1095 918 praesumit.
1127 835 1189 898 Fu·

181 917 233 1062 pit
254 925 365 980 autem
386 939 454 982 non
476 915 635 980 mutando
657 916 785 997 locum,
810 915 869 979 sed
892 914 1126 981 subtrahendo
1141 940 1189 981 so·

195 999 309 1065 atium.
342 999 462 1082 Fugit,
486 999 566 1080 quia
588 999 789 1080 injustitiam
802 995 901 1076 vidit,
927 1009 961 1060 et
972 999 1092 1062 tacuit.
1126 1000 1190 1063 Fu·

182 1081 247 1165 git,
282 1081 362 1166 quia
393 1103 428 1146 sc
458 1081 519 1145 sub
548 1080 683 1145 silentio
713 1079 901 1144 abscondit.
947 1079 1084 1158 Quibus
1106 1080 1192 1145 bene

181 1184 243 1249 per
266 1162 462 1248 prophetam
485 1162 623 1228 dicitur:
654 1161 742 1228 Non
763 1161 1030 1226 'ascendistis
1054 1183 1105 1226 ex
1129 1162 1189 1226 ad·

181 1266 326 1324 verso,
350 1267 490 1330 neque
513 1244 781 1330 opposuistis
804 1265 961 1306 murum
983 1265 1058 1328 pro
1081 1245 1219 1310 domoi

181 1327 346 1405 Israel,
384 1339 428 1392 ut
456 1329 637 1392 staretis
667 1328 704 1390 in
736 1324 908 1410 proelio
939 1327 979 1390 in
1009 1325 1082 1389 die
1114 1327 1189 1391 Do·

180 1409 298 1475 mini.
319 1407 345 1494 ²)
390 1409 445 1474 Ex
468 1407 610 1474 adverso
640 1410 765 1495 quippe
794 1407 978 1472 ascendere
990 1455 999 1490 ,
1034 1419 1089 1472 est
1118 1411 1188 1494 qui·

179 1490 330 1556 buslibet
356 1490 579 1577 potestatibus
607 1513 713 1576 prave
743 1513 762 1553 a
790 1487 939 1570 entibus,
976 1490 1124 1555 rationis
1155 1492 1190 1555 li·

180 1572 262 1637 bera
290 1595 372 1638 voce
402 1574 578 1638 contraire.
622 1573 668 1638 Et
696 1575 732 1636 in
761 1511 815 1636 die
842 1571 981 1636 Domini
1008 1595 1072 1658 pro
1096 1575 1190 1639 domo

180 1653 291 1718 Israel
314 1656 349 1718 in
372 1654 496 1739 praelio
520 1665 665 1735 stamus,
697 1678 737 1720 ac
757 1677 887 1719 murum
911 1656 1127 1740 opponimus,
1161 1659 1191 1720 ei

179 1735 295 1800 fideles
317 1737 511 1802 innocentes
533 1745 650 1801 contra
671 1757 906 1824 perversorum
926 1738 1129 1822 injustitiam
1148 1761 1189 1803 ex

175 1818 329 1904 justitiae
352 1820 553 1884 auctoritato
575 1820 792 1885 vindicamus.
839 1817 940 1896 Quod
962 1821 1043 1904 quia
1064 1843 1186 1885 merce-

178 1902 297 2045 parius
328 1923 394 1968 non
427 1901 529 1981 facit,
569 1923 645 1966 cum
678 1904 869 1968 venientem
902 1899 1020 1986 lupum
1058 1903 1189 1981 viderit,

196 2005 215 2046 u
241 1985 276 2048 it.

217 2005 271 2134 gil.
307 2063 375 2130 Sed
398 2075 449 2132 cst
470 2065 560 2132 alius
582 2065 700 2152 lupus,
726 2067 784 2151 qui
808 2067 880 2129 sine
897 2067 1087 2132 cessatione
1107 2089 1185 2152 quo·

178 2148 260 2214 tidie
283 2170 350 2213 non
373 2171 531 2232 corpora,
556 2149 612 2212 sed
636 2157 764 2212 mentes
786 2147 947 2228 dilaniat,
969 2147 1139 2232 malignus
1161 2147 1186 2234 3)

181 2229 338 2296 videlicet
361 2231 517 2316 spiritus:
540 2231 600 2314 qui
622 2230 738 2295 caulas
759 2229 904 2294 fidelium
931 2231 1099 2316 insidians
1121 2235 1183 2295 cir·

182 2315 269 2393 cuit,
302 2324 334 2376 et
361 2324 481 2377 mortes
508 2317 692 2377 animarum
724 2313 865 2397 quaerit.
916 2313 970 2376 De
1004 2335 1070 2400 quo
1104 2313 1181 2400 lupo

181 2419 258 2462 mox
288 2393 454 2459 subditur:
488 2395 540 2476 Et
567 2394 696 2479 lupus
726 2395 858 2480 rapit,
892 2405 931 2458 et
965 2393 1184 2481 dispergit

180 2499 288 2542 oves.
332 2477 449 2560 Lupus
473 2478 575 2555 venit,
596 2488 630 2541 et
644 2479 870 2542 mercenarius
887 2477 989 2560 fugit3
1012 2479 1096 2562 quia
1114 2501 1183 2542 ma·

179 2558 293 2642 lignus
322 2561 459 2645 spiritus
486 2569 613 2624 mentes
642 2558 791 2622 fidelium
821 2559 856 2622 in
887 2561 1073 2625 tentatione
1098 2560 1183 2625 dila·

178 2645 269 2722 niet,
301 2652 335 2706 et
356 2644 384 2708 is
432 2643 466 2706 ui
490 2641 600 2706 locum'
622 2642 764 2736 pastoris
787 2651 894 2723 tenet,
925 2664 1040 2705 curam
1063 2642 1180 2707 sollici·

179 2723 307 2788 tudinis
330 2664 531 2789 nonbabet
562 2724 705 2788 Animae
724 2735 884 2809 pereunt,
908 2735 940 2788 et
963 2725 1035 2808 ipse
1058 2725 1101 2789 dc
1116 2737 1178 2790 ter·

177 2805 271 2868 renis
294 2806 471 2872 commodis
493 2805 649 2870 laetatur.
690 2806 808 2891 Lupus
838 2811 929 2891 rapit
957 2816 991 2870 et
1014 2804 1181 2893 dispergit

179 2909 275 2966 oves,
306 2911 378 2952 cum
402 2888 505 2954 alium
534 2889 577 2954 ad
599 2887 766 2954 luxuriam
795 2889 975 2972 pertrahit,
1008 2887 1114 2952 alium
1138 2890 1180 2954 ad

178 2971 354 3036 avaritiam
377 2970 540 3049 accendit,
563 2970 667 3034 aliurn
690 2973 725 3036 in
742 2970 931 3056 superbiam
945 2972 992 3034 eri
1019 2972 1056 3052 it,
1079 2971 1179 3036 alium

176 3076 238 3151 per
260 3051 466 3118 iracundiam
488 3053 619 3120 dividit:
641 3053 731 3118 hunc
751 3052 880 3118 invidia
899 2993 1060 3134 stimulat,
1083 3054 1179 3118 illum

174 3157 209 3199 m
242 3135 380 3200 fallacia
406 3136 613 3220 supplantat.
657 3134 765 3214 Quasi
796 3157 874 3218 crgo
904 3134 1007 3221 lupus
1039 3158 1179 3221 gregem

178 3216 336 3304 dissipat,
363 3240 436 3284 cum
459 3217 610 3284 fidelium
632 3215 790 3304 populum
812 3215 967 3282 diabolus
987 3239 1048 3303 per
1069 3227 1176 3284 tenta·

174 3301 283 3366 tiones
311 3312 416 3368 necat.
471 3301 538 3366 Sed
564 3316 680 3366 contra
707 3298 792 3366 haec
822 3301 1051 3366 mercenarius
1084 3301 1178 3366 nullo

174 3382 248 3447 zelo
269 3384 481 3466 accenditur,
512 3383 602 3448 nullo
623 3382 757 3448 fervore
787 3381 973 3448 dilectionis
995 3383 1175 3448 excitatur:

176 3467 257 3551 quia
279 3466 357 3532 dum
377 3465 449 3532 sola
469 3465 638 3535 exteriora
651 3465 818 3532 commod-a
832 3465 995 3551 requirit,
1018 3466 1179 3532 interiora

207 3691 230 3761 ¹)
248 3695 314 3746 niis
330 3694 417 3762 ingeri
435 3696 531 3750 moturi.
552 3722 582 3734 -
609 3695 634 3765 ²)
652 3697 746 3750 azau.
766 3671 808 3765 ia,
827 3695 851 3750 5.
872 3724 903 3736 -
924 3695 951 3778 ¹u
970 3696 1034 3757 anu
1053 3707 1174 3766 aqna.
