2468 4218
504 191 707 260 ...85-

104 355 255 440 cogitata
277 354 367 440 apud
389 377 426 421 se
437 357 540 424 noxia
560 357 659 426 factis
670 356 892 424 exterioribus
909 353 1102 443 exequendo

105 462 304 520 monstrare.
347 453 456 536 Quem
476 467 586 522 tamen
608 456 723 522 David
743 456 842 522 ferire
863 456 997 536 metuit,
1021 456 1100 540 quia

104 554 184 642 piae
208 552 415 620 subditorum
436 565 564 622 mentes
585 555 628 622 ab
655 557 743 623 omni
766 579 801 624 se
822 565 916 644 peste
936 552 1099 621 obtrecta-

104 655 206 720 tionis
219 652 438 738 abstinentes,
452 657 722 742 praepositorum
737 657 841 722 vitam
855 653 949 722 nullo
961 653 1097 740 linguae

105 751 220 838 gladio
240 755 450 840 percutiunt,
482 756 583 822 etiam
611 778 685 822 oum
706 757 747 822 de
777 755 1024 843 imperfectione
1046 775 1097 818 re-

104 851 327 939 prehendunt.
372 853 440 934 Qui
463 856 526 922 etsi
549 855 684 940 quando
715 877 774 941 pro
803 855 996 920 infirmitate
1025 875 1098 918 sese

104 951 277 1018 abstinere
298 953 358 1019 vix
383 963 540 1039 posunt,
574 965 612 1021 ut
634 964 784 1021 extrema
810 951 975 1042 quaedam
996 963 1097 1040 atque

103 1053 275 1118 exteriora
295 1055 562 1140 praepositorum
581 1055 688 1139 mala,
720 1054 780 1120 sed
799 1064 911 1120 tamen
930 1051 1099 1116 humiliter

103 1150 307 1238 loquantur,
332 1152 429 1237 quasi
450 1174 542 1218 oram
564 1150 751 1242 chlamydis
774 1152 910 1218 silenter
931 1151 1097 1234 incidunt3
1167 1145 1170 1158 '

103 1251 189 1338 quia
217 1251 375 1318 videlicet
409 1249 488 1318 dum
519 1251 694 1338 praelatae
724 1252 882 1337 dignitati
909 1249 1025 1316 saltem
1047 1251 1096 1316 in·

103 1352 205 1418 noxie
228 1359 261 1416 et
280 1349 426 1418 latenter
446 1349 629 1436 derogant,
659 1353 758 1439 quasi
779 1353 870 1438 regis
894 1351 1099 1438 superpositi

102 1460 232 1519 vestem
253 1449 406 1534 foedant3
421 1451 446 1537 ¹)
469 1449 651 1517 sedtamen
672 1450 716 1516 ad
737 1453 930 1539 semetipsos
944 1451 1095 1532 redeunt,

100 1573 211 1639 seque
238 1549 526 1618 vehementissime
554 1549 609 1616 vel
637 1549 678 1616 de
707 1553 903 1620 tenuissima
927 1551 1025 1618 verbi
1046 1549 1095 1615 la·

100 1651 271 1717 ceratione
283 1649 545 1739 reprehendunt.
588 1650 688 1718 Unde
701 1651 788 1718 bene
810 1662 843 1718 et
855 1652 923 1718 illio
939 1651 1096 1738 scriptum

102 1759 173 1816 est:
202 1749 303 1818 Post
330 1748 434 1815 haec
460 1748 597 1816 David
623 1752 843 1836 percussit
870 1772 936 1818 cor
963 1771 1096 1834 suum,

102 1872 149 1917 eo
173 1849 284 1937 quod
305 1848 568 1917 abscidisset
584 1872 694 1916 oram
709 1849 939 1939 chlamydis
958 1847 1098 1931 Saul.²)

100 1949 211 2014 Facta
232 1950 358 2036 quippe
377 1950 642 2036 praepositorum
656 1951 722 2016 oris
737 1948 847 2036 gladio
859 1947 1010 2016 ferienda
1031 1971 1099 2016 non

102 2058 199 2132 sunt,
229 2050 330 2114 etiam
359 2069 434 2114 oum
460 2060 549 2116 recte
585 2047 862 2136 reprehendenda
893 2046 1098 2136 judicantur.

101 2147 279 2235 Siquando
300 2169 382 2213 vero
403 2157 519 2216 eontra
541 2169 597 2213 eos
619 2147 674 2214 vel
696 2149 732 2214 in
753 2148 897 2212 minimis
912 2146 1030 2232 lingua
1047 2145 1097 2212 la·

101 2246 215 2330 bitur,
237 2269 374 2315 necesse
396 2257 467 2330 est,
495 2255 533 2313 ut
553 2269 615 2336 per
636 2247 848 2314 afflictionem
870 2246 1098 2335 poenitentiae
1217 2248 1220 2253 ’

97 2367 161 2415 cor
187 2355 374 2437 prematur;
404 2356 570 2435 quatenus
602 2347 648 2413 ad
674 2348 885 2436 semetipsum
907 2345 1042 2428 redeat,
1065 2353 1098 2410 et

97 2471 179 2514 cum
199 2447 412 2534 praepositae
433 2448 593 2534 potestati
615 2446 803 2535 deliquerit,
826 2449 900 2535 ejus
922 2455 1039 2513 contra
1061 2467 1096 2510 se

93 2546 275 2638 judicium,
298 2568 319 2611 a
331 2570 397 2634 quo
411 2547 476 2612 sibi
490 2547 646 2633 praelata
659 2558 720 2629 est,
733 2545 974 2634 perhorrescat
1011 2543 1097 2609 Nam

100 2669 179 2714 oum
199 2646 401 2734 praepositis
422 2646 663 2734 delinquimus,
695 2648 768 2733 ejus
790 2645 1006 2727 ordinationi,
1039 2645 1098 2732 qui

101 2768 162 2811 eos
184 2744 280 2811 nobis
300 2746 482 2833 praetulit,
511 2744 695 2812 obviamus.
739 2744 838 2812 Unde
860 2745 994 2834 Moyses
1017 2765 1096 2828 quo‘

101 2866 181 2934 que,
202 2865 276 2910 cum
297 2855 412 2912 contra
434 2867 469 2911 se
491 2856 524 2912 et
534 2847 648 2913 Aaron
662 2845 823 2934 conqueri
836 2843 997 2933 populum
1020 2865 1095 2929 cog·

100 2946 271 3027 novisset,
312 2943 375 3009 ait:
411 2943 627 3011 Nosenim
664 2942 766 3033 qnid
796 2944 970 3010 sumus?
1014 2943 1098 3008 Neo

101 3053 247 3112 contre
268 3065 342 3109 nos
363 3052 427 3110 est
447 3065 623 3110 murmur
644 3052 842 3127 vestrum,
867 3041 938 3110 sed
953 3053 1095 3109 contra

99 3143 383 3226 Dominum.³)

136 3389 158 3452 ¹)
176 3387 242 3442 elit.
261 3393 358 3444 secant.
377 3417 406 3428 -
427 3389 448 3454 ²)
467 3389 491 3446 1.
508 3390 573 3458 Res.
589 3388 632 3458 ot,
649 3390 674 3445 6.
693 3420 727 3432 -
747 3388 771 3458 ³)
788 3389 869 3444 Exod.
889 3387 937 3453 16,
965 3387 989 3444 8.
