2486 4222
456 267 659 332 ..49-

55 453 198 500 necesse
221 441 287 512 est,
311 440 349 498 ut
370 451 443 498 oum
465 435 595 520 peccati
619 431 741 500 vulnus
764 434 799 498 in
822 432 966 500 subditis
988 455 1060 502 eor·

55 531 202 618 rigendo
224 532 454 617 restringitur,
494 553 618 618 magna
641 554 676 596 se
708 531 930 620 sollieitudine
961 533 1061 598 etiam

56 632 224 698 districtio
253 633 328 714 ipsa
356 632 560 699 moderetur:
591 642 758 720 quatenus
787 635 835 699 sic
858 635 939 719 jura
963 631 1061 699 disci·

56 731 176 817 plinus
201 741 315 798 contra
338 731 572 820 delinquentes
586 743 753 814 exerceat,
777 743 816 798 ut
835 733 972 818 pietatis
993 734 1058 797 vis·

57 853 140 897 ocra
162 853 229 896 uon
252 833 391 897 amittat.
436 831 629 898 Curandum
654 835 778 921 quippe
798 845 859 914 est,
895 843 932 898 ut
953 840 1059 898 recto·

56 953 129 995 rem
155 929 299 996 subditis
322 939 354 996 et
375 941 516 997 matrem
537 934 666 1018 pietas,
699 942 732 998 et
753 941 883 1019 patrem
904 931 1062 998 exhibeat

58 1029 250 1118 disciplina.
288 1031 401 1119 Atque
416 1032 502 1098 inter
513 1031 596 1098 haec
607 1033 752 1099 sollicita
764 1033 1059 1118 circumspectione

57 1129 312 1218 providendum,
333 1153 376 1196 ne
398 1141 457 1195 aut
480 1131 641 1198 districtio
664 1132 783 1217 rigida,
806 1141 865 1198 aut
885 1133 995 1218 pietas
1018 1132 1062 1195 sit

57 1231 211 1296 remissa.
257 1231 341 1294 Nam
366 1233 451 1296 siout
480 1233 516 1296 in
546 1231 643 1298 libris
673 1231 856 1298 moralibus
881 1232 954 1317 jam
976 1229 1060 1294 dixi-

57 1353 152 1412 mus,
170 1327 197 1416 ¹)
226 1329 404 1418 disciplina
424 1331 476 1395 vel
497 1331 727 1397 misericordia
748 1331 886 1398 multum
909 1331 1060 1396 destitui-

58 1439 128 1512 tur,
153 1432 270 1497 siuns
294 1431 366 1496 sine
387 1431 492 1497 altera
505 1439 669 1498 teneatur.
715 1430 782 1498 Sed
803 1454 886 1517 erga
909 1431 1059 1498 subditos

59 1553 140 1596 suos
162 1532 271 1596 inesse
294 1531 478 1598 rectoribus
502 1530 600 1597 debet
622 1542 656 1597 et
683 1535 777 1618 juste
799 1530 977 1598 consulens
1000 1534 1060 1597 mi·

60 1629 259 1714 sericordia,
283 1643 316 1697 et
328 1632 384 1714 pie
407 1633 561 1698 saeviens
584 1631 769 1718 disciplina.
803 1630 892 1698 Hinc
914 1653 1060 1719 namque

59 1741 129 1813 est,
156 1729 246 1816 quod
268 1731 407 1798 docente
432 1733 602 1816 Veritate,
618 1730 645 1818 2)
673 1755 735 1820 per
758 1731 963 1798 Samaritani
992 1741 1061 1798 stu-

57 1827 152 1895 dium
175 1831 353 1897 semivivus
375 1834 409 1897 in
426 1832 593 1898 stabulum
610 1834 755 1915 ducitur,
779 1833 938 1898 etvinum
959 1841 1062 1916 atque

57 1927 171 1995 oleum
193 1929 387 1998 vulneribus
411 1934 482 2018 ejus
505 1930 696 2016 adhibetur,
719 1942 757 1998 ut
776 1955 837 2020 per
858 1927 975 1999 vinu'm
998 1933 1060 1996 soi-
1150 1977 1157 1988 .

55 2029 139 2093 licet
160 2030 374 2096 mordeantur
396 2031 546 2115 vulnera,
569 2055 630 2121 per
654 2032 760 2098 oleum
781 2032 968 2098 foveantur.
999 2031 1062 2096 Ne·

57 2149 154 2194 cesse
177 2130 300 2216 quippe
324 2141 389 2214 est,
414 2141 469 2213 ut,
501 2133 655 2217 quisquis
678 2131 838 2197 sanandis
861 2127 1060 2196 vulneribus

56 2240 212 2312 praeest,
241 2231 278 2296 in
299 2233 377 2298 vino
398 2254 543 2298 morsum
565 2230 686 2297 doloris
717 2228 900 2313 adhibeat,
929 2231 965 2295 in
987 2227 1060 2295 oleo

55 2329 230 2396 mollitiem
251 2332 404 2419 pietatis,
434 2341 602 2419 quatenus
631 2352 691 2414 per
713 2332 828 2398 vinum
856 2329 1058 2396 mundentur

54 2429 215 2516 putrida,
244 2453 304 2522 per
336 2432 445 2498 oleum
474 2430 653 2498 foveantur
680 2431 841 2498 sananda.
886 2429 1058 2496 Miscenda

56 2552 139 2616 ergo
155 2542 205 2596 est
226 2531 349 2598 lenitas
371 2555 446 2597 cum
462 2532 662 2612 severitate3
684 2531 873 2598 faciendum
892 2527 1058 2615 quoddam

56 2652 100 2696 ex
121 2640 267 2718 utroque
288 2641 596 2718 temperamentum,
619 2642 657 2697 ut
677 2653 786 2718 neque
799 2628 904 2695 multa
928 2627 1057 2714 asperi·

55 2741 127 2798 tate
151 2730 393 2798 exulcerentur
414 2729 559 2813 subditi,
590 2751 700 2819 neque
720 2731 825 2796 nimia
846 2727 1057 2811 benignitate

56 2831 244 2898 solvantur.
288 2830 386 2912 Quod
415 2833 518 2918 juxta
541 2831 639 2898 Pauli
670 2850 782 2897 vocem
812 2828 898 2894 bene
930 2827 987 2894 illa
1008 2837 1058 2893 ta-

54 2929 235 2996 bernaculi
258 2949 335 2996 arca
357 2931 537 3015 signifieat,
565 2934 600 2998 in
624 2953 691 3017 qua
714 2953 787 2996 eum
812 2927 939 2995 tabulis
960 2930 1060 3013 virga

59 3101 350 3120 —b—-ss—

82 3216 104 3278 ¹)
122 3213 181 3268 Lib.
191 3215 253 3266 XX.
264 3213 355 3267 Moral
367 3213 429 3282 Cap.
441 3217 466 3270 8.
482 3213 548 3282 (alit.
562 3229 583 3266 c.
597 3215 622 3267 5.
638 3212 730 3275 n.1l.)
748 3212 816 3282 quod
826 3216 906 3263 totum
924 3211 955 3264 do
965 3210 1014 3260 hae
1030 3223 1060 3262 re

126 3303 227 3366 bostut,
237 3298 447 3369 etbujnscomodi
457 3299 608 3368 inscriptum
621 3303 676 3352 est:
696 3298 788 3367 „Quod
798 3299 826 3350 in
834 3297 961 3365 praelatis
970 3291 1059 3346 Eccle-

129 3385 187 3438 siae
204 3399 263 3438 sese
273 3383 408 3456 complecti
419 3383 564 3438 debeantet
573 3383 681 3438 affectus
692 3383 886 3436 misericordiae
899 3377 1058 3438 otiistriotio

126 3469 309 3539 disciplinam
346 3469 511 3539 „nioeiplins
534 3471 615 3537 enim,
641 3471 678 3522 ait
696 3468 723 3522 S.
742 3467 858 3537 Gregor,
881 3466 924 3522 vol
950 3463 1057 3518 miseri-

126 3557 215 3612 oordie
233 3557 345 3610 multum
361 3555 521 3624 destituitur,
553 3556 645 3610 siuns
662 3555 719 3608 sino
744 3553 828 3608 altera
844 3555 969 3608 unuur.
1008 3548 1058 3601 Sed
1092 3571 1095 3578 ·
1126 3579 1129 3586 .

125 3643 198 3696 circs
216 3642 336 3698 subditos
354 3655 418 3698 snos
436 3644 526 3704 inesse
541 3641 684 3698 rectoribus
696 3639 770 3694 dohet
788 3645 814 3693 er
827 3640 900 3710 juste
917 3635 1057 3691 consulens

125 3729 306 3794 misericordis
323 3731 349 3788 o
365 3729 410 3802 pls
427 3730 550 3793 {uomens
565 3725 731 3795 disciplina«
749 3753 783 3765 —
808 3723 830 3794 ²)
847 3723 911 3778 Luc.
929 3723 971 3792 10,
988 3719 1030 3777 34.

752 3827 773 3892 3
