2468 4218
569 261 792 336 -104-

185 435 367 502 obscurat..
385 435 449 500 Est
460 444 571 502 autem
589 435 731 522 speciale
744 436 923 521 duplicium
936 433 1075 515 malum3
1099 436 1186 520 quic

184 535 260 599 dnm
296 555 454 618 perversa
484 545 517 600 et
552 535 680 624 duplici
711 538 842 602 actione
881 547 1008 600 eeteros
1038 533 1182 613 fallunt,

186 637 282 720 quiesi
307 637 533 720 praestantius
545 637 667 700 ceteris
682 635 864 722 prudentes
880 657 914 698 sc
937 656 1010 700 esse
1026 633 1182 716 ‘glorian-

183 740 253 816 tur3
284 743 317 798 et
345 735 424 820 quia
453 735 689 800 districtionem
717 735 949 800 retributionis
976 756 1041 800 non
1069 723 1182 799 oonsi-

184 833 320 915 derant,
353 830 393 898 dc
424 835 554 900 damnis
578 835 646 900 suis
676 835 790 900 miseri
819 832 981 899 exultant.
1030 831 1183 898 Audisnt

183 941 306 1014 autem,
326 925 491 1019 ¹quomodo
515 957 616 1022 super
637 931 713 1000 illos
725 932 889 1020 propheta
902 931 1085 1020 Sophonias
1109 933 1182 996 vim

185 1031 318 1098 divinae
353 1033 652 1100 animadversionis
689 1033 858 1114 intendat,
891 1031 1024 1097 dicens:
1065 1029 1180 1096 Ecce

179 1129 283 1214 dies
305 1131 476 1196 Domini
502 1136 622 1200 venit
650 1156 830 1220 magnus
860 1141 900 1196 et
927 1128 1178 1212 horribilis,

183 1229 273 1296 dios
297 1234 399 1314 irae,
423 1232 514 1300 dies
535 1233 627 1318 illa,
650 1236 738 1299 dies
760 1233 1030 1298 tenebrarum
1052 1239 1093 1294 et
1115 1253 1179 1294 ca·

182 1329 354 1416 liginis,
386 1332 475 1397 dies
504 1333 689 1398 nebulae
713 1340 745 1396 et
766 1331 975 1413 turbinis,
1005 1330 1095 1394 dies
1119 1342 1179 1396 tn·

117 1485 119 1498 .
181 1428 257 1494 bae
281 1441 321 1496 et
342 1430 555 1518 clangoris
577 1455 703 1517 super
725 1454 857 1496 omnes
880 1433 1085 1496 civitates
1101 1451 1180 1493 mu-

182 1532 315 1612 nitus,
346 1541 386 1596 et
409 1553 534 1618 snper
556 1553 691 1596 omnes
719 1529 903 1614 angulos
925 1528 1134 1594 excelsos.
1151 1529 1178 1614 ¹)

184 1627 274 1710 Quid
305 1632 390 1695 enim
420 1653 478 1714 per
508 1633 660 1696 civitates
688 1632 831 1695 munitas
865 1630 1077 1716 exprimitur,
1112 1631 1178 1692 nisi

184 1741 358 1815 suspectae
380 1741 507 1797 mentes
536 1739 570 1795 et
595 1729 707 1794 fallaci
736 1753 865 1816 semper
892 1729 1084 1796 defensione
1113 1733 1177 1794 cir·

183 1828 375 1911 cnmdatae‚
413 1851 519 1916 qnae,
549 1831 679 1915 quoties
713 1851 826 1894 earum
862 1830 959 1917 culpa
988 1831 1177 1914 corripitur,

182 1929 333 1994 veritatis
355 1929 398 1994 nd
421 1953 455 1994 se
472 1929 586 2016 jacula
607 1951 673 1997 non
697 1929 904 1995 admittunt?
947 1929 991 1994 Et
1014 1928 1093 2015 quid
1117 1951 1176 2016 per

182 2028 331 2093 excelsos
355 2028 497 2112 angulos
520 2027 809 2116 (duplextquippe
833 2051 963 2114 sempor
985 2040 1034 2092 est
1058 2031 1091 2092 iu
1116 2049 1175 2092 an·

164 2127 268 2214 'gulis
298 2128 425 2215 parics)
457 2129 523 2194 nisi
556 2131 686 2216 impura
718 2129 818 2194 corda
852 2129 1050 2212 signantur?
1087 2151 1175 2214 quse

181 2227 259 2292 dum
287 2228 439 2292 veritatis
473 2227 720 2315 simplicitatem
740 2229 893 2312 fugiunt,
927 2227 971 2292 ad
992 2228 1173 2314 semetipsa

181 2326 420 2412 quodammodo
444 2326 646 2413 duplicitatis
667 2328 886 2416 perversitate
899 2326 1117 2411 replicantur,
1140 2336 1173 2390 ot

181 2426 269 2512 quod
291 2435 341 2491 est
363 2426 527 2509 deterius,
557 2426 647 2515 apud
674 2427 893 2511 cogitationes
923 2443 1001 2490 suas
1024 2428 1059 2489 in
1080 2423 1172 2490 tastu

179 2523 377 2612 prudentiae
405 2550 447 2590 cx
477 2528 552 2614 ipsa
574 2548 609 2592 se
640 2527 740 2613 culpa
767 2525 969 2608 impuritatis
999 2523 1169 2590 extollunt

180 2625 264 2689 Dies
287 2626 391 2710 igitur
402 2625 537 2692 Domini
559 2628 729 2692 vindictae
747 2635 849 2711 atque
871 2624 1170 2690 animadversionis

178 2722 280 2812 plena
303 2747 402 2812 snper
416 2728 571 2792 civitates
597 2727 743 2792 munitas
766 2736 799 2788 et
821 2745 922 2810 super
944 2722 1089 2788 excelsos
1112 2745 1171 2789 sn·

179 2823 278 2909 gulos
297 2827 403 2907 venit,
427 2829 506 2911 qnia
529 2829 581 2890 ira
603 2825 742 2890 extremi
758 2824 879 2911 judicii
901 2821 1047 2888 humana
1071 2821 1173 2888 corda

30 2917 32 2923 ’
119 2943 121 2946 ·
180 2934 214 2989 ct
234 2923 482 2991 defensionibus
497 2935 612 2992 contra
635 2925 809 2990 veritatem
828 2924 944 2988 clausa
966 2923 1118 3000 destruit,
1140 2931 1172 2985 et

179 3021 433 3112 duplicitatibus
447 3026 598 3092 involuta
612 3024 794 3090 dissolvit·
818 3023 912 3088 Tunc
924 3025 1010 3087 enim
1023 3025 1172 3088 munitae

180 3124 332 3190 civitates
347 3125 483 3206 cadunt,
508 3125 588 3211 qnia
601 3134 728 3190 mentes
741 3124 813 3189 Deo
828 3123 1068 3210 impenetratae
1080 3121 1173 3186 dum·

179 3221 360 3289 nubuntur.
372 3223 398 3308 2)
435 3223 531 3288 Tunc
545 3223 669 3312 excelsi
684 3222 798 3310 anguli
811 3233 980 3301 corruunt,
1002 3223 1082 3308 quia
1099 3245 1173 3288 cor·

178 3322 232 3407 da,
257 3345 343 3411 quae
366 3347 401 3388 se
423 3343 483 3410 per
499 3325 702 3414 impuritatis
716 3321 926 3406 prudentiam
940 3323 1087 3407 erigunt,
1113 3343 1175 3407 per

178 3423 328 3505 iustitiae
352 3423 550 3490 sententiam
572 3433 837 3510 prosternuntur.

341 3563 460 3574 »an—n-

216 3631 239 3701 ¹)
258 3632 337 3701 soph.
357 3630 380 3699 1,
402 3633 443 3687 ll.
462 3633 503 3686 15.
521 3664 555 3675 -
573 3632 594 3696 ²)
612 3632 675 3686 Alit.
697 3636 831 3700 suspectae
849 3631 1012 3682 damnantur.
