2462 4220
434 249 664 316 -201-

46 417 127 486 lum
157 426 290 484 autem
310 414 568 500 glutientes.
588 417 614 500 ¹)
657 413 712 483 Ao,
731 417 760 480 si
781 424 896 501 aperte
918 413 1052 485 dicere,

44 529 121 583 tur:
164 514 304 582 Minima
338 515 424 580 mala
456 513 662 596 discernitis,
703 515 832 600 majora
864 511 1050 579 devoratis:

42 616 136 680 Hine
150 623 211 694 est,
236 612 323 698 quod
335 634 468 678 rursum
480 634 537 678 ore
548 613 712 679 Veritatis.
719 612 946 700 increpantur,
969 630 1045 676 oum

46 713 206 781 audiunt:
256 709 494 776 Deeimatis
529 708 737 776 mentham
774 721 814 775 et
849 709 1051 779 anethum¹
1114 747 1115 750 ι

47 803 333 897 etoyminum3
355 819 396 871 et
419 808 690 894 relinquitis,
720 831 823 894 quae
846 810 1044 893 graviora

47 918 144 976 sunt
170 907 311 993 Legis,
337 907 548 994 judicium
576 916 615 970 et
641 907 975 985 miserieordiam
1004 918 1045 974 et

44 1009 173 1074 fidem.
193 1006 221 1094 ²)
265 1007 382 1094 Neque
405 1008 491 1070 enim
513 1003 725 1090 negligenter
754 1005 956 1082 audiendum
980 1017 1043 1088 est,

46 1105 139 1192 quod
161 1129 234 1172 eum
256 1105 417 1173 deeirnari
437 1107 573 1173 minima
588 1103 723 1186 diceret,
746 1114 896 1184 extrema
909 1104 1045 1192 quidem

45 1205 90 1270 de
115 1205 261 1272 oleribus
284 1205 418 1286 maluit,
445 1205 503 1270 sed
525 1215 636 1268 tamen
668 1205 754 1269 bene
778 1203 901 1268 olentia
922 1227 1044 1270 memo-

45 1329 142 1372 rare:
163 1317 201 1371 ut
221 1305 371 1392 profecto
391 1303 597 1383 ostenderet,
620 1305 700 1390 quia
717 1303 944 1384 simulatores,
968 1326 1048 1368 eum,

45 1427 157 1493 parva
177 1404 377 1486 custodiunt,
399 1403 528 1472 odorem
546 1400 587 1466 de
609 1427 645 1471 se
668 1402 849 1471 extendere
857 1402 1050 1486 ³),sanetae

45 1505 217 1592 opinionis
247 1514 431 1590 quaerunt,
471 1512 505 1568 et
542 1504 696 1588 quemvis
727 1502 864 1589 implere
897 1504 1046 1568 maxima

46 1604 334 1689 praetermittant,
368 1619 409 1666 ee
429 1612 541 1675 tamen
562 1603 698 1666 minime
720 1602 924 1686 observant,
956 1622 1045 1688 quae

45 1702 194 1768 humano
212 1703 340 1789 judicio
362 1701 460 1786 longe
480 1700 613 1788 lateque
636 1700 815 1766 redoleant.

354 1881 547 1950 CAPUT
580 1883 743 1948 XXXIV.

45 2021 224 2088 Quomodo
246 2019 475 2085 ,admonendh
513 2019 570 2086 qui
600 2019 688 2072 tona
713 2033 775 2074 nee
800 2018 987 2082 inchoant,
1013 2022 1047 2069 et

253 2105 325 2172 'qui
348 2105 515 2159 inchoata
539 2119 603 2156 non
630 2103 828 2158 absolvunt.

112 2239 220 2306 Aliter
241 2239 438 2306 admonendi
461 2248 555 2322 sunt,
576 2240 650 2325 ‘qui
677 2240 767 2306 bona
791 2261 854 2304 neo
874 2235 1045 2318 inchoant,

41 2352 153 2428 atque
176 2340 293 2422 aliter,
318 2339 375 2424 qui
394 2341 550 2426 inchoata
566 2340 698 2416 minime
710 2347 948 2404 consummant.
976 2335 1046 2416 Qui

46 2443 140 2506 enim
161 2439 251 2506 bona
272 2461 334 2504 nee
361 2438 538 2521 inchoant,
568 2462 636 2505 non
658 2447 737 2504 sunt
758 2438 807 2502 eis
836 2437 931 2521 prius
953 2435 1049 2498 aedis

47 2538 200 2622 ficanda,
232 2560 318 2626 quae
350 2538 530 2602 salubriter
560 2538 719 2624 diligant,
755 2537 813 2602 sed
841 2534 1046 2603 destruenda
1089 2549 1092 2556 '

45 2661 107 2722 ea,
131 2641 167 2705 in
191 2639 314 2726 quibus
344 2639 535 2724 semetipsos
565 2641 717 2725 nequiter
739 2645 885 2704 versant.
927 2635 1048 2720 Neque

46 2741 139 2806 enim
162 2726 361 2824 sequuntur,
386 2758 472 2822 quae
492 2739 667 2825 inexperta
682 2738 835 2818 audiunt,
858 2736 924 2800 nisi
938 2735 1046 2822 prius,

47 2861 153 2924 quam
181 2837 371 2924 perniciosa
399 2837 465 2900 sint
494 2859 551 2918 ea,
588 2858 673 2922 quae
701 2834 765 2901 sibi
794 2846 872 2902 sunt
888 2845 1048 2922 experta,

46 2937 322 3023 deprehendant,
355 2937 433 3022 quia
454 2959 516 3001 neo
545 2935 653 3001 levari
674 2937 818 3024 appetit,
850 2937 908 3022 qui
930 2945 963 3000 et
984 2933 1048 2998 h'oo

48 3041 161 3126 ipsum
192 3035 272 3123 quia
301 3037 420 3102 cecidit
445 3039 570 3118 neseit,
603 3046 636 3100 et
667 3038 724 3123 qui
752 3036 899 3102 dolorem
927 3031 1047 3098 vulne·

48 3139 98 3204 ris
121 3155 189 3202 non
214 3139 329 3218 sentit,
345 3136 470 3202 'salutis'
492 3134 638 3201 remedia
659 3152 727 3200 nou
752 3135 905 3219 reqriirit.
923 3145 925 3150 ’
946 3131 1049 3196 Prius

49 3259 133 3322 ergo
157 3236 363 3302 ostendenda
386 3243 479 3318 sunt,
511 3256 611 3320 quam
641 3236 707 3300 sint
728 3255 833 3314 vana,
861 3253 948 3318 quae
972 3230 1048 3296 dili·

5 3365 8 3376 ·
50 3347 152 3423 gunt,
183 3343 215 3399 et
236 3345 316 3401 tune
345 3334 474 3398 demum
503 3332 687 3423 vigilanter
713 3333 913 3416 intimanda,
947 3351 1048 3418 quam

49 3439 120 3504 sint
138 3435 256 3518 utilia,
288 3457 373 3522 quae
395 3435 675 3522 praetermittunt.
714 3435 815 3498 Prius
836 3432 975 3498 videant
993 3429 1049 3526 iu-

47 3533 193 3624 giende,
230 3558 316 3623 quae
349 3541 480 3615 amant,
518 3537 557 3597 et
580 3533 651 3598 sine
680 3515 885 3600 difficultate
904 3517 1052 3619 postmo-

52 3657 344 3676 -u——l——e

87 3716 107 3781 ¹)
127 3714 219 3767 Metto.
236 3713 279 3782 23,
297 3713 391 3770 24-
411 3713 431 3780 2)
450 3711 541 3768 Matth.
558 3709 600 3780 23,
619 3709 1013 3862 23.-’)9ῗ11*ιι,οιιιιιᾱοῐο.
