2468 4218
160 419 293 511 junctis
313 419 390 486 eliis
411 419 508 486 bonis
529 418 664 506 dignam
690 417 766 487 Deo
786 413 1024 485 abstinentiam
1050 418 1158 482 carnis
1227 403 1229 472 i

166 517 356 588 ostendere.
398 516 609 602 Admonendi
636 525 717 582 sunt
743 513 971 596 abstinentes,
1004 525 1041 580 ut
1060 536 1158 582 nono·
1228 547 1229 550 ¹

167 622 256 700 rint,
291 618 371 706 quia
400 625 482 682 tunc
510 613 698 702 placentem
726 613 800 680 Deo
828 611 1066 680 abstinentiam
1085 613 1158 678 offe·

167 727 265 800 runt,
298 737 372 782 cum
393 737 450 796 ea,
484 737 571 802 quae
599 713 662 780 sibi
690 712 731 779 de
753 705 919 778 alimentis
945 707 1159 796 subtrabunt,

167 814 397 901 indigentibus
427 813 626 900 largiuntur.
677 812 824 880 Solerter
851 833 995 896 namque
1021 809 1158 876 audien·
1228 887 1229 898 2

168 914 246 982 dum
268 923 336 995 est,
368 910 459 1000 quod
480 935 540 998 per
561 909 756 1000 prophetam
783 911 948 978 Dominus
976 909 1158 996 redarguit,
1228 947 1229 960 κ

169 1013 300 1080 dicens:
331 1010 428 1077 Oum
452 1011 724 1097 jejunaretis
754 1020 794 1076 et
822 1009 1100 1096 plangeretis
1121 1010 1158 1074 in

164 1112 308 1201 quinto
331 1121 371 1176 et
394 1111 435 1175 in
458 1109 632 1196 septimo
654 1130 791 1176 menso
813 1130 886 1196 per
907 1107 980 1176 bos
998 1118 1156 1196 septua-

165 1212 282 1298 ginta
305 1232 459 1288 annos,
480 1209 682 1295 numquid
698 1211 907 1296 jejunium
924 1209 1157 1296 jejunastis

164 1307 295 1376 mibi?
327 1307 488 1372 Etcum
510 1306 762 1374 comedistis
785 1308 1031 1388 etbibistis,
1053 1329 1157 1374 num·
1228 1313 1229 1396 ]

163 1407 267 1497 quid
294 1429 372 1470 non
403 1405 732 1493 vobismetipsis
764 1407 1012 1473 comedistis
1033 1415 1074 1470 et
1095 1428 1156 1470 vo·
1228 1415 1229 1440 ¹

165 1505 444 1592 bismetipsis
472 1501 725 1588 bibistis?¹)
769 1503 842 1572 Non
869 1507 957 1572 enim
979 1504 1069 1585 Deo,
1101 1502 1158 1570 sed
1228 1587 1229 1592 η

164 1605 233 1673 sibi
254 1605 397 1692 quisque
414 1604 569 1690 jejunat,
586 1597 621 1667 ¹ni
643 1624 701 1682 ea,
725 1626 812 1690 quae
835 1605 944 1670 ventri
966 1603 1009 1668 ad
1030 1614 1158 1688 tempus
1228 1599 1229 1636 i

163 1703 349 1786 subtrahit,
372 1724 439 1768 non
462 1702 576 1787 egenis
597 1699 727 1784 tribuit,
751 1701 810 1768 sed
832 1703 942 1768 ventri
955 1701 1158 1790 postmodum

162 1803 335 1871 offerenda
356 1801 505 1868 custodit.

225 1903 345 1988 Itaque
365 1922 407 1966 ne
421 1912 479 1966 aut
494 1899 571 1966 illos
587 1902 756 1988 appetitus
777 1901 879 1988 gulae
901 1925 921 1966 a
938 1902 1060 1966 mentis
1072 1909 1160 1966 statu

160 2003 311 2091 dejiciat,
335 2010 394 2066 aut
417 2000 499 2066 istos
525 1999 650 2066 afflicta
671 2023 749 2066 caro
771 2024 812 2066 ex
833 2001 978 2066 elatione
1001 1998 1160 2086 supplan·

162 2115 229 2181 tet,
253 2102 394 2166 audiant
416 2101 470 2166 illi
492 2123 534 2166 ex
558 2123 615 2165 ore
638 2101 814 2166 Veritatis:
848 2099 1068 2165 Attendite
1096 2121 1159 2164 au·
1227 2113 1228 2138 ¹

163 2213 239 2268 tem
268 2200 417 2280 vobis,
452 2222 500 2264 ne
529 2198 643 2265 forte
671 2210 909 2284 graventur
940 2199 1075 2265 corda
1098 2221 1160 2263 ve·
1227 2185 1228 2262 i

165 2311 252 2368 stra
274 2304 316 2366 in
338 2297 515 2386 crapula
545 2309 584 2378 et
605 2297 840 2380 ebrietate,
874 2308 915 2364 et
945 2299 1061 2364 curis
1092 2295 1159 2362 hu-

159 2403 233 2489 jus
261 2398 408 2468 mundi.
432 2397 459 2484 ²)
503 2398 571 2463 Ubi
600 2397 695 2463 utilis
722 2420 855 2486 quoque
880 2420 986 2486 pavor
1007 2397 1159 2484 adjungi·

161 2511 237 2566 tur:
269 2500 321 2564 Et
349 2499 633 2584 superveniat
661 2501 702 2564 in
725 2521 801 2564 vos
822 2498 1052 2586 repentina
1075 2494 1160 2560 dies

164 2598 251 2664 illa.
286 2595 1161 2686 Tamquamlaqueusenimsuperveniet
1226 2653 1227 2658 ,

159 2699 209 2764 'in
232 2721 387 2778 omncs,
425 2698 496 2784 qui
519 2697 666 2765 sedent
698 2718 821 2786 super
852 2697 1004 2762 faciem
1032 2695 1160 2761 omnis

163 2810 333 2863 terrae.
358 2796 386 2884 ³)
428 2797 578 2864 Audiant
599 2799 668 2863 isti:
700 2797 790 2864 Non
817 2797 923 2886 quod
948 2795 1087 2862 intrat
1118 2796 1162 2860 in

163 2919 229 2978 os,
262 2899 520 2984 coinquinat
541 2896 765 2982 hominem,
795 2897 867 2962 sed
889 2895 1000 2984 quod
1023 2918 1161 2986 proce·

161 2998 299 3062 ditex
320 3018 410 3078 ore,
433 2999 689 3083 coinquinat
710 2998 923 3064 hominem.
945 2993 973 3083 “j
1012 2995 1162 3064 Audiant

162 3095 232 3162 illi:
257 3097 366 3163 Esca
388 3101 551 3181 ventri,
575 3107 615 3163 et
637 3107 794 3162 venter
815 3097 940 3162 escis:
960 3095 1072 3162 Deus
1094 3120 1159 3162 au-

163 3207 242 3262 tern
272 3206 313 3260 et
343 3196 454 3260 hunc
484 3206 524 3262 et
551 3196 625 3264 bas
655 3198 856 3262 destruct.
880 3193 906 3281 5)
950 3195 994 3260 Et
1014 3215 1160 3262 rursum:

167 3295 256 3362 Non
279 3296 319 3360 in
341 3295 729 3362 comessationibus
751 3308 794 3362 et
815 3293 1120 3360 ebrietatibus.
1133 3292 1158 3380 ⁶)

165 3395 212 3460 Et
232 3414 379 3458 rursum:
404 3393 510 3460 Esca
531 3417 604 3461 nos
626 3417 706 3462 non
735 3392 992 3462 commendat
1020 3393 1117 3462 Deo.
1135 3393 1160 3477 ⁷)

1136 3536 1160 3604 ‘)

1139 3622 1161 3690 ¹)

166 3503 220 3600 Ἴ)
239 3538 316 3589 chb.
334 3536 366 3602 t,
385 3537 409 3591 5.
426 3535 450 3591 6.
472 3565 504 3575 -
534 3536 554 3599 ²)
572 3537 636 3590 Luc.
653 3539 696 3605 21,
714 3537 756 3593 34.
778 3566 806 3576 -
836 3535 856 3597 ⁸)
873 3537 936 3590 Luc.
955 3537 997 3602 21,
1016 3537 1058 3593 35.
1076 3565 1109 3578 -·

233 3623 497 3689 Matth.15,11.-
519 3623 540 3688 ¹)
559 3623 584 3676 1.
603 3623 662 3677 Gor.
680 3622 704 3690 6,
722 3623 762 3678 13.
784 3651 813 3662 -
834 3619 1116 3708 bRom.13,13.-

235 3709 259 3794 i.
278 3708 336 3761 cor.
355 3708 379 3775 8,
398 3709 422 3766 8.
526 3733 527 3736 ¹
