2468 4218
447 276 768 366 ’.453-

155 475 264 532 mente
287 464 328 529 de
351 465 539 552 praeceptis
559 464 654 552 pacis
677 461 875 528 discordiam
895 464 1037 547 faciunt,
1059 467 1153 552 justo

155 565 222 631 Dei
244 564 398 629 examine
419 565 486 650 ipsi
507 563 547 631 de
568 561 679 628 verbis
700 563 790 628 vitae
811 564 1006 630 moriuntur.

215 663 260 729 At
273 675 388 729 contra
403 662 599 730 admonendi
612 669 701 742 suut,
725 664 783 748 qui
797 669 886 727 reete
903 659 1038 748 quidem
1048 663 1152 732 verba

154 762 257 849 Legis
272 760 481 847 intelligunt,
505 761 563 826 sed
579 759 664 825 liaeo
678 756 846 825 humiliter
867 783 935 826 nou
947 758 1155 847 loquuntur3

155 871 195 928 ut
217 862 252 926 in
275 859 395 924 divinis
418 858 641 942 sermonibus,
662 859 756 946 prius
778 881 879 946 quam
901 858 980 925 aliis
1002 883 1060 927 eos
1078 885 1153 948 pro·

154 958 280 1042 ferant,
305 959 497 1045 semetipsos
519 957 694 1045 requirant
712 953 754 1044 ¹),
777 979 819 1023 ne
833 958 1051 1045 insequentes
1069 959 1153 1026 alio·

154 1079 228 1124 rum
249 1057 340 1124 laeta
363 1080 398 1122 se
421 1059 594 1152 deserant3
618 1065 736 1122 etcum
751 1067 841 1122 recte
857 1067 978 1123 cuneta
994 1056 1037 1122 do
1054 1080 1153 1124 saera
1219 1059 1220 1064 ’

156 1156 330 1244 Scriptura
341 1157 500 1236 sentiunt,
523 1156 586 1222 hoo
608 1156 721 1239 solum,
746 1155 833 1244 quod
855 1154 1019 1242 perillam
1034 1167 1153 1225 eontra

52 1297 54 1302 ·
155 1256 258 1323 elatos
280 1256 420 1337 dicitur,
454 1279 519 1322 non
543 1255 726 1322 attendant.
769 1254 946 1344 Improbus
970 1257 1099 1344 quippe
1122 1268 1154 1322 et

154 1357 328 1440 imperitus
351 1367 401 1420 est
422 1355 586 1436 medicus,
611 1356 668 1441 qui
690 1353 838 1422 alienum
859 1353 985 1420 mederi
1008 1358 1151 1444 appetit,

155 1466 189 1520 et
221 1457 292 1540 ipse
323 1453 464 1535 vulnus,
496 1454 584 1540 quod
614 1456 756 1542 patitur,
790 1457 905 1520 nescit.
950 1455 1018 1535 Qui
1047 1457 1152 1542 igitur
1219 1493 1220 1522 l

153 1552 257 1619 verba
279 1553 344 1616 Dei
366 1552 533 1617 humiliter
557 1577 624 1618 non
643 1553 842 1640 loquuntur,
866 1557 1014 1642 profecto
1038 1555 1150 1624 admo·

153 1652 255 1719 nendi
286 1665 380 1734 suut,
415 1665 452 1716 ut
480 1675 555 1717 eum
580 1653 796 1718 medicamina
820 1657 932 1739 aegris
961 1671 1150 1742 apponunt,
1218 1691 1220 1740 ι

154 1753 250 1839 prius
280 1754 373 1816 virus
396 1774 476 1816 suae
499 1753 603 1839 pestis
632 1753 828 1838 inspiciant,
860 1777 902 1820 ne
925 1755 1010 1820 alios
1029 1755 1056 1842 ²)
1082 1777 1149 1820 me·

155 1851 261 1917 dendo
283 1852 347 1935 ipsi
370 1853 561 1918 moriantur.
604 1851 784 1919 Admoneri
814 1853 950 1938 debent,
981 1863 1018 1918 nt
1040 1855 1149 1920 oonsi-

151 1950 269 2018 derant
276 2001 286 2033 ,
323 1975 365 2016 no
391 1973 412 2014 a
435 1953 558 2018 virtute
581 1951 662 2016 dicti
685 1951 815 2017 dicendi
839 1953 1001 2038 qualitate
1023 1953 1148 2020 discor·

155 2051 234 2116 dent
254 2045 299 2137 1),
333 2075 374 2117 ne
405 2051 573 2140 loquendo
603 2051 717 2133 aliud,
756 2062 789 2117 et
818 2051 1021 2119 ostendendo
1054 2051 1149 2118 aliud

151 2150 355 2237 praedicent.
398 2149 549 2217 Audierit
571 2153 685 2238 itaque
708 2151 796 2239 quod
814 2151 1055 2239 scriptumest:
1090 2151 1148 2217 Si·
1218 2131 1219 2160 l

152 2251 247 2337 quis
269 2249 480 2337 loquitur,
506 2252 634 2337 quasi
656 2272 881 2316 sermones
903 2248 1040 2335 Deus)
1077 2250 1148 2332 Qui

152 2371 231 2433 ergo
261 2348 381 2430 verba,
414 2372 500 2435 quaa
530 2350 719 2438 proferunt,
752 2372 794 2413 ex
822 2351 966 2437 propriis
999 2372 1065 2415 non
1088 2349 1148 2414 ha·

150 2448 250 2529 bent,
273 2471 332 2513 eur
354 2450 451 2537 quusi
475 2448 515 2512 de
538 2450 682 2536 propriis
698 2450 849 2515 tument?
888 2448 1038 2514 Audiant
1060 2449 1150 2536 quod
1217 2451 1218 2492 l

151 2549 308 2631 scriptum
342 2559 407 2614 ost:
455 2547 576 2614 Siout
609 2571 658 2612 ex
690 2549 779 2615 Deo
812 2570 948 2613 coram
978 2549 1070 2614 Deo
1107 2552 1148 2612 in

152 2645 325 2716 Christo
351 2648 573 2734 loquimur.
596 2645 621 2731 5)
666 2647 721 2712 Ex
742 2647 816 2713 Deo
840 2650 927 2712 enim
949 2671 1059 2714 eoram
1072 2647 1149 2714 Deo

150 2746 315 2831 loquitur,
340 2748 397 2833 qui
420 2747 675 2834 praedicationis
698 2747 856 2829 verbum,
881 2756 914 2810 et
938 2747 1017 2834 quia
1034 2769 1055 2810 a
1073 2747 1148 2812 Deo
1216 2793 1217 2824 ι

150 2847 289 2932 aceepit,
312 2846 485 2933 intelligit,
510 2858 542 2913 et
562 2846 693 2931 plaeere
714 2868 775 2934 per
796 2845 879 2911 illud
898 2845 980 2930 Deo,
1003 2869 1069 2912 non
1093 2848 1148 2912 ho·
1216 2857 1217 2860 ’

149 2945 295 3012 minibus
314 2949 454 3034 quaerit.
490 2946 641 3014 Audiant
663 2946 752 3032 quod
767 2947 928 3035 seriptum
946 2958 1010 3012 est:
1045 2946 1147 3012 Abo-

119 3093 123 3102 ,
150 3046 324 3112 minatio
350 3047 518 3115 Domini
540 3059 602 3114 est
624 3046 754 3112 omnis
774 3069 992 3131 arrogans.
1005 3045 1031 3129 θ)
1057 3046 1148 3127 Quia

149 3144 309 3212 videlicet
331 3146 407 3212 dum
430 3149 465 3212 in
485 3146 588 3213 verbo
612 3143 679 3209 Dei
702 3145 839 3230 glorium
854 3146 1022 3233 proprium
1043 3168 1148 3235 quae·

147 3247 207 3328 rit,
227 3247 286 3333 jue
309 3246 419 3312 dantis
441 3246 589 3328 invadit3
621 3267 764 3332 eumque
792 3243 887 3310 laudi
909 3267 989 3310 suae
1012 3256 1147 3334 postpo-

153 3409 230 3418 ιιι-..ψο-
235 3411 336 3418 ...-.---.-
341 3410 439 3418 --·---—-

189 3495 211 3564 ⁸)
231 3497 294 3549 Alit.
313 3497 453 3565 inquirant.
474 3522 504 3532 -
524 3492 548 3561 ²)
566 3491 631 3545 Alit.
649 3492 720 3546 aliis.
740 3521 770 3530 -
791 3491 815 3561 ⁸)
832 3493 896 3549 Alit.
913 3507 945 3546 na
962 3510 979 3545 a
997 3495 1092 3549 virtute
1105 3498 1148 3548 tli-
1214 3481 1215 3522 l

218 3583 306 3648 candi,
331 3583 433 3635 vivendi
451 3581 578 3649 qualitate
602 3580 762 3643 discordent,
790 3579 844 3644 vol,
863 3595 880 3632 a
899 3579 993 3632 virtuto
1012 3580 1080 3648 dicti,
1101 3584 1146 3634 vi-

217 3670 412 3722 ventilata-
440 3665 464 3735 l)
483 3668 508 3723 1.
528 3668 594 3720 Patr.
613 3667 638 3734 4,
657 3666 699 3719 11.
719 3693 749 3704 -
780 3661 798 3726 ‘l
818 3663 843 3718 2.
863 3664 1030 3732 cnr.2,17.
1052 3693 1081 3706 -
1122 3665 1144 3735 θ)

218 3758 294 3809 Prov.
313 3754 354 3822 16,
373 3755 415 3808 15.
