2468 4218
457 243 685 313 -121-

66 415 167 482 limae
188 415 276 481 fame
300 415 485 478 sauciatur:
509 423 546 478 ut
568 434 634 500 quo
659 433 694 476 se
717 397 1007 500 per'disciplinam
1027 407 1068 477 li·

66 535 153 598 gare
176 511 382 592 dissimulat,
406 533 445 578 eo
468 535 503 590 se
526 513 677 578 esuriens
698 533 760 598 per
783 510 994 598 voluptatum
1009 507 1067 576 de·

68 613 195 680 sideria
225 620 373 700 spargat
415 611 504 678 Hinc
533 611 577 677 ab
607 611 720 678 eodem
749 631 868 676 rursus
890 607 1068 676 Salomone

67 713 242 779 scribitur:
276 709 323 777 In
345 707 581 776 desideriis
604 719 671 778 est
694 711 827 776 omnis
849 709 1022 776 otiosus.
1038 706 1066 797 ¹)

64 812 156 878 Hinc
176 813 254 898 ipsa
264 810 417 876 Veritate
438 810 666 897 praedicante,
691 831 757 875 uno
773 809 908 898 quidem
922 818 1067 876 exeunte

66 913 190 998 spiritu
218 909 342 975 munda
371 909 488 977 domos
517 909 658 994 dicitur,
692 907 750 976 aed
778 907 992 996 multiplicius
1013 932 1067 978 re·

66 1007 192 1076 deunte
222 1011 298 1075 dum
326 1020 427 1074 vacat
448 1021 639 1097 occupatur.
661 1009 687 1097 ²)
739 1007 939 1094 Plerumque
960 1009 1067 1098 piger,

66 1107 149 1174 dum
170 1111 362 1174 necessaria
384 1131 485 1195 agere
508 1109 665 1196 negligit,
697 1106 864 1196 quaedam
892 1106 957 1172 sibi
979 1107 1066 1174 diffi-

63 1207 147 1276 cilia
158 1208 307 1296 opponit,
326 1207 490 1294 quaedam
506 1230 586 1275 vero
601 1211 736 1276 incaute
749 1205 921 1291 formidat3
942 1216 975 1274 et
987 1205 1067 1274 dum

65 1308 167 1394 quasi
194 1307 324 1374 invenit
332 1356 342 1391 ‚
373 1307 462 1394 quod
490 1307 584 1374 velut
608 1311 701 1396 juste
730 1317 875 1390 metuat,
911 1306 1067 1393 ostendit,

64 1405 158 1494 quod
181 1407 217 1472 iu
238 1407 307 1472 otio
329 1409 427 1494 quasi
448 1430 516 1474 non
538 1409 663 1496 injuste
685 1417 861 1496 torpescat
897 1406 961 1474 Cui
974 1415 1065 1475 recto

62 1529 128 1594 per
152 1503 362 1572 Salomonem
386 1504 519 1573 dicitur:
561 1507 745 1593 Propter
772 1508 918 1593 frigus
945 1509 1065 1594 piger

63 1626 192 1672 arare
213 1604 374 1672 noluit:
395 1606 662 1673 mendicabit
684 1628 785 1692 ergo
817 1617 1001 1687 aestate,
1023 1614 1066 1674 et

61 1727 147 1772 uon
175 1703 348 1771 dabitur
377 1705 422 1770 ci.
446 1705 474 1789 3)
515 1705 660 1793 Propter
681 1705 790 1792 frigus
824 1707 949 1793 quippe
970 1707 1067 1794 piger

61 1823 132 1870 non
153 1815 246 1884 arat,
271 1804 349 1870 dum
371 1803 521 1871 desidiae
536 1816 669 1892 torpore
684 1805 713 1893 l)
736 1808 934 1872 constrictus
949 1824 1066 1891 agere,

63 1925 154 1989 quae
169 1902 279 1986 debet,
299 1901 389 1970 bona
401 1904 599 1971 dissimulat.
620 1905 762 1992 Propter
772 1904 880 1990 frigus
890 1905 986 1991 piger
996 1927 1066 1974 non

61 2013 157 2086 arat,
181 2001 259 2068 dum
280 2024 386 2089 parva
411 2026 453 2068 ex
476 2003 619 2070 adverso
641 2005 731 2070 mala
752 2005 868 2070 metuit
884 2015 917 2070 et
929 2007 1065 2092 operari

60 2105 210 2166 maxima
237 2103 483 2189 praetermittit.
526 2105 619 2169 Bene
648 2112 760 2169 autem
788 2102 923 2168 dicitur:
955 2102 1062 2170 Meu·

62 2200 237 2266 dicabit
271 2213 459 2284 aestate,
493 2213 533 2268 et
565 2225 651 2269 non
686 2201 864 2268 dabitur
896 2203 943 2268 ei.
994 2200 1063 2283 Qui

60 2300 152 2364 enim
172 2322 262 2366 nuuc
282 2301 319 2367 in
340 2299 437 2368 bonis
459 2301 619 2388 operibus
640 2325 707 2368 non
729 2303 891 2385 exsudat,
914 2325 989 2368 oum
1011 2301 1063 2369 sol

54 2397 179 2485 judicii
199 2398 385 2466 ferventior
405 2403 611 2488 apparuerit,
635 2402 714 2488 quia
733 2403 861 2468 frustra
871 2404 969 2488 regui
990 2401 1061 2470 adi·

58 2509 132 2563 tum
154 2496 320 2582 postulat,
344 2497 390 2563 nil
412 2501 580 2586 accipiens
601 2510 729 2568 aestate
752 2501 924 2568 mendicat.
968 2504 1061 2570 Bene

57 2595 140 2662 huic
158 2619 220 2681 per
243 2598 392 2663 eumdem
415 2598 625 2666 Salomonem
646 2623 779 2666 rursum
801 2599 938 2666 dicitur:
978 2601 1060 2683 Qui

59 2693 265 2761 observat
285 2706 471 2780 ventum,
494 2722 577 2766 non
598 2701 795 2780 seminat3
819 2701 947 2786 etqui
968 2723 1059 2768 con·

58 2793 231 2860 siderat
253 2797 398 2878 nubes,
421 2820 638 2887 numquam
663 2799 791 2864 metit.
807 2795 833 2883 ⁵)
868 2799 1059 2880 Quidenim

55 2917 122 2983 per
143 2905 295 2978 ventum,
321 2895 387 2960 nisi
407 2896 632 2982 malignorum
654 2898 831 2985 spirituum
847 2902 986 2968 tentatio
1000 2923 1058 2968 ex·

54 2987 244 3080 primitur?
288 2995 333 3060 Et
363 2994 444 3084 quid
472 3019 533 3082 per
558 2995 684 3080 nubes,
716 3002 805 3084 'quae
832 3011 1009 3067 moventur
1034 3021 1058 3068 a

55 3103 177 3176 venio,
209 3095 273 3161 nisi
296 3093 522 3163 adversitates
545 3094 573 3181 ο)
601 3111 780 3179 pravorum
809 3095 976 3166 bominum
999 3100 1055 3166 de·

92 3274 113 3334 ¹)
132 3272 208 3324 Prot.
226 3271 268 3338 21,
295 3271 338 3327 26.
362 3302 394 3310 -
419 3273 549 3334 ι)111111].
574 3272 615 3340 12,
642 3273 684 3327 44.
702 3273 744 3328 45.
773 3304 804 3314 -
835 3273 855 3337 ⁸)
874 3275 950 3328 Prov.
968 3275 1010 3343 20,
1027 3275 1055 3331 1.

125 3351 147 3420 ⁴)
166 3355 231 3408 Alit.
250 3357 358 3410 dissidia
376 3363 401 3410 et
417 3363 527 3426 torpore.
546 3389 579 3400 -
600 3358 619 3422 ⁵)
635 3357 709 3412 Eccli
727 3359 773 3426 11,
792 3359 816 3412 4.
835 3387 868 3398 -
895 3358 915 3423 ⁶)
935 3361 989 3413 Hoc
1006 3365 1055 3430 est,

126 3441 335 3496 „adversantium
343 3438 481 3513 pratorum
489 3444 599 3514 impetus
607 3449 632 3498 et
646 3445 876 3514 oppugnationem
911 3445 960 3497 Hic
975 3447 1055 3514 enim,

125 3527 165 3581 uti
181 3527 247 3582 alibi
263 3528 371 3598 saepius
388 3531 461 3598 apud
479 3529 509 3587 8.
524 3527 696 3600 (imperium,
725 3547 749 3586 v.
775 3546 815 3600 gr.
833 3532 878 3586 lib.
902 3531 939 3584 11.
958 3531 1053 3595 llorel.

125 3614 189 3682 Gap.
207 3613 249 3671 31.
267 3611 504 3682 iuioan.1,'1d.
522 3615 668 3670 adversitas
692 3631 745 3670 nou
771 3617 839 3672 idem
864 3615 996 3686 tigrim
1018 3634 1053 3676 ae

123 3700 336 3771 calamitas,
355 3701 399 3756 soi
418 3707 460 3757 stt
475 3701 580 3773 proprio
596 3701 792 3760 adrumetum
809 3703 947 3774 oppositio.

748 3787 769 3854 6
