2462 4220
579 273 804 356 ztan-

195 441 390 526 dipddimns,
411 431 444 506 ei
464 447 578 508 temen
600 439 660 523 seli
680 439 907 527 possidemus„
930 438 1069 526 quando.
1084 448 1119 506 ct
1132 461 1181 504 ex·

193 541 304 622 tarius¹
321 538 388 604 late
411 537 693 625 praedicationem
714 538 900 635 fundimus,
933 548 967 604 et
995 549 1110 628 tannen
1130 561 1182 626 per

195 661 269 714 earn
292 637 454 706 humanas
474 637 591 706 laudes
613 633 904 726 assequiminime
926 637 1111 704 ambimus..

522 819 713 890 CAPUT
747 819 856 888 XXV.

196 939 609 1009 Qnornodoadnronendi‚
635 940 694 1006 qni
719 937 888 993 officium
914 939 1182 1006 praedicationis

202 1052 206 1057 ·
235 1029 338 1082 nimia
365 1026 567 1078 hnmilitate
590 1026 791 1090 detrectant,
817 1031 850 1076 et
874 1026 930 1093 qni
955 1025 1148 1092 praecipiti

469 1109 920 1176 festinationeoccnpant.

257 1251 365 1316 Aliter
380 1244 580 1325 admonendi
594 1257 688 1326 sunt,
713 1247 771 1330 qui
787 1267 860 1313 cum
877 1245 1074 1332 praedicare
1092 1244 1183 1329 digne
1225 1315 1226 1318 Ἴ

193 1349 338 1428 valeant,
361 1368 442 1436 prae
464 1346 566 1410 nimia
584 1343 773 1410 humilitate
787 1343 982 1426 formidant3
1003 1353 1112 1431 atque
1131 1341 1183 1408 ali·

194 1460 246 1514 ter
269 1445 469 1512 admonendi
499 1455 594 1524 sunt,
628 1466 712 1531 quos
740 1466 759 1508 a
786 1442 1038 1528 praedieatione
1071 1445 1184 1530 imper·

194 1548 293 1612 festio
316 1545 369 1610 vel
391 1554 486 1612 aetas
507 1541 678 1631 probibet,
702 1552 734 1608 et
756 1555 864 1610 tamen
886 1544 1122 1630 praecipitatio
1134 1545 1185 1606 im·

194 1646 302 1734 pellit.
343 1641 553 1710 Adnronendi
582 1663 724 1728 namque
747 1655 841 1724 sunt,
875 1646 934 1730 qui
963 1667 1037 1710 cnm
1060 1645 1185 1730 praedi·

195 1768 274 1810 cara
294 1744 420 1810 utiliter
442 1755 601 1828 possunt,
625 1741 839 1812 immoderata
866 1751 979 1810 tamen
1005 1744 1186 1810 humilitate

127 1879 130 1888 v
195 1844 386 1928 refugiunt,
425 1854 461 1908 ut
495 1865 537 1908 ex
566 1843 687 1914 minori
717 1842 981 1916 consideratione
1015 1841 1185 1928 colligant,

197 1952 358 2028 quantum
387 1943 423 2008 in
451 1941 635 2026 majoribus
664 1940 766 2011 rebus
795 1941 999 2026 delinquant.
1045 1941 1082 2008 Si
1107 1945 1186 2008 enim

196 2039 426 2126 indigentibus
456 2042 616 2128 proximis
647 2042 732 2125 ipsi,
769 2063 854 2128 quas
889 2040 1054 2109 haberent
1096 2064 1205 2127 pecu

196 2144 271 2208 nias
293 2140 550 2217 absconderent,
582 2140 753 2226 adjutores
779 2138 803 2227 ¹)
832 2141 945 2227 procul
972 2141 1075 2206 dubio
1106 2142 1187 2208 cala·

175 2242 322 2308 mitatis
344 2241 542 2306 extitissent.
586 2239 660 2319 Quo
683 2262 761 2324 ergo
782 2252 878 2309 reatu
904 2241 1186 2324 constringantur,

198 2343 382 2425 aspiciant,
420 2341 479 2426 qui
512 2341 588 2406 dum
618 2339 833 2425 peccantibus
861 2337 1022 2406 fratribus
1055 2340 1188 2405 uerbum
1223 2375 1224 2400 3

198 2439 455 2526 praedicationis
478 2437 697 2519 subtrahunt,
721 2437 936 2506 inscientibus
953 2437 1124 2507 mentibus
1146 2442 1188 2504 vi·

197 2551 254 2606 tae
275 2538 422 2604 remedia
444 2535 662 2604 abscondunt.
706 2537 803 2604 Unde
826 2548 858 2604 et
880 2537 965 2602 bene
985 2538 1123 2624 quidam
1143 2561 1188 2604 sn·
1222 2551 1223 2580 l

199 2641 297 2724 piens
322 2639 417 2702 dicit:
449 2637 665 2724 Sapientia
688 2637 942 2704 abscondita
965 2649 1005 2704 et
1026 2637 1189 2704 thesau·

199 2760 271 2804 nus
299 2740 479 2818 invisus,
518 2758 625 2822 quae
657 2736 824 2802 utilitas
853 2737 896 2802 in
927 2737 1188 2824 utrisque?²l
1221 2777 1222 2790 r

200 2835 237 2900 Si
257 2835 399 2921 populos
420 2836 524 2908 fames
545 2845 713 2916 attereret,
734 2846 766 2900 ct
787 2836 917 2903 occulta
938 2836 1110 2904 frumenta
1131 2840 1191 2928 ipsi

198 2947 387 3018 seruarent,
423 2936 714 3022 auctoresprocnl
736 2935 837 3004 dubio
865 2939 978 3006 mortis
999 2939 1189 3010 existerent.

200 3033 278 3114 Qua
299 3037 412 3122 itaque
434 3035 602 3122 plectendi
624 3048 701 3102 sunt
723 3057 848 3123 poena,
872 3035 1100 3124 considerent,
1139 3041 1190 3125 qui

198 3159 272 3202 cum
299 3135 387 3200 farne
411 3135 507 3201 verbi
533 3137 664 3206 animae
695 3145 854 3222 pereant,
886 3137 952 3223 ipsi
973 3160 1097 3224 panem
1122 3163 1189 3228 per·

198 3246 316 3322 ceptae
344 3239 474 3320 gratiae
502 3257 567 3302 nen
594 3237 791 3306 ministrant.
834 3236 934 3302 Unde
967 3250 1000 3304 et
1025 3237 1116 3309 bene
1140 3262 1191 3328 per

200 3336 412 3404 Salomonem
434 3334 568 3402 dieitur:
604 3335 689 3414 Qui
719 3336 945 3405 abscondit
966 3337 1189 3419 frumenta,

198 3435 500 3508 maledicetur
522 3435 563 3498 in
587 3435 768 3522 populis.
793 3433 819 3524 ³)
862 3437 1044 3502 Frumenta
1066 3441 1190 3527 quippe

197 3535 402 3602 abscondere
424 3546 474 3601 est
494 3536 752 3622 praedicationis
777 3546 912 3602 sanctae
933 3536 1023 3626 apud
1038 3560 1073 3602 se
1092 3541 1191 3608 verbs

203 3679 484 3692 ᾐ--ιι--ι-ι-ι-α-

235 3747 258 3815 ¹)
277 3739 341 3804 alit.
359 3752 486 3803 scabres.
506 3778 538 3788 -
557 3748 577 3814 ²)
595 3749 674 3802 Eccli.
693 3749 734 3817 20,
753 3748 794 3804 32.
815 3778 844 3789 -
866 3749 885 3815 ³]
903 3751 977 3804 Pror.
997 3752 1038 3818 li,
1057 3750 1106 3811 26.
