2468 4216
491 263 714 348 ..153-

78 429 205 508 aliter
228 429 367 516 oscitel·
410 428 779 520 coquendumque
796 435 892 517 sunt,
907 428 966 522 qui
981 428 1117 524 tarsis,

85 530 290 612 seminant,
323 539 360 594 ut
381 531 486 616 cujus.
507 530 582 613 sint
595 550 783 641 sequaces,¹
808 537 1003 614 aguosrppt.
1044 526 1110 615 De

87 650 204 742 apos·
191 635 265 698 tata
293 629 417 715 quippe
448 625 576 720 Angelo
609 627 696 718 scrip
698 636 767 704 tum
796 636 862 710 est,
892 648 972 718 oum
992 624 1107 716 bqnue,

87 729 207 794 messi
227 729 354 793 inserta
366 724 529 794 fuisset
498 728 647 806 arnonis·
668 725 873 809 inimicus,
889 681 1005 798 honio
1027 725 1101 794 hoo

89 827 219 894 fecit.
199 825 266 912 ι’)
310 825 364 890 Dc
392 828 493 914 cujus
510 827 610 894 ctiam
642 825 869 916 memhropcr
892 811 1120 904 Salomonem„

91 927 245 1006 dicitup:
267 925 394 992 Homo
416 935 650 1032 apostata,
664 925 730 989 vir
751 923 942 994 inutilis:
965 923 1099 1014 gradi·
1114 981 1121 991 .

93 1037 178 1094 tur
202 1047 269 1104 ore
293 1045 523 1111 perverso,
546 1023 703 1103 annuit
724 1020 883 1103 oculis,
907 1025 1020 1095 terit
1035 1045 1098 1112 pe·

95 1128 175 1208 de,
205 1125 351 1210 digito
383 1123 594 1212 loquitu1,
630 1143 768 1208 pravo
788 1121 920 1211 cordq
949 1121 1099 1192 machi·

96 1235 232 1292 natur
260 1223 429 1306 malum,
459 1232 501 1286 et
522 1224 630 1299 omni
659 1230 844 1306 tempore
874 1221 1023 1306 jurgia
1044 1247 1120 1302 se,
1224 1235 1228 1252 ¹

7 1377 17 1388 .
97 1326 242 1390 minat.
260 1322 286 1412 ²)
331 1324 439 1402 Ecce,
470 1343 573 1410 quem,
600 1321 818 1396 seminantem
844 1323 960 1408 jurgia
992 1319 1100 1391 dicere

98 1424 232 1505 voluit,
262 1423 356 1514 prius
379 1433 564 1510 apostatum
593 1421 793 1502 nominavit3
823 1423 902 1506 quia
925 1421 990 1486 nisi
1011 1444 1100 1488 more

102 1525 334 1611 superbientis
355 1522 467 1606 angeli
489 1544 511 1584 a
531 1532 708 1606 conspectu
723 1519 911 1590 Conditoris
934 1526 1027 1606 prius
1049 1522 1099 1590 iu·

100 1634 161 1688 tus
183 1623 359 1688 aversione
380 1621 500 1686 incutis
523 1618 676 1708 caderet,
702 1619 793 1686 foras
815 1620 1021 1705 postmodum
1045 1643 1099 1684 us·
1122 1639 1125 1644 ·

103 1743 173 1808 que
196 1722 239 1786 ad
268 1719 462 1786 seminanda
488 1719 606 1806 jurgia
634 1741 709 1787 non.
729 1720 868 1784 veniret.
914 1719 982 1799 Qui
1013 1729 1101 1787 recte

103 1819 318 1902 describitur,
341 1820 429 1908 quod
452 1817 697 1898 annuitoculis,
721 1818 824 1902 digito
838 1817 999 1904 loquitur,
1023 1819 1110 1885 terit.

102 1918 204 2007 pede.
245 1919 389 1986 Interior
410 1941 553 2004 namque
576 1927 626 1982 cst
648 1917 811 1998 custodia,
836 1915 1109 2001 quaeordiuata¹

105 2029 221 2086 servm
248 2021 394 2087 exterius
428 2017 582 2082 membra.
628 2016 695 2098 Qui
723 2037 800 2099 crgo
833 2026 955 2082 statum
984 2017 1103 2083 mentis

42 2185 45 2192 ,
107 2118 265 2206 perdidit,
288 2118 529 2203 subsequenter
551 2117 642 2182 foras
664 2115 968 2182 inincenstantiam
989 2118 1104 2181 motio-

109 2221 163 2305 nis
192 2218 279 2297 fluit,
313 2228 415 2305 atque
443 2217 601 2282 exteriori
630 2214 812 2280 mobilitate
841 2214 984 2294 indicat,
1015 2213 1110 2301 quod'

110 2317 207 2384 nulla
229 2319 368 2382 interius
390 2316 503 2383 radice
532 2315 702 2382 subsistat.
746 2314 896 2380 Audinnt
912 2314 1102 2400 jurgiorum

110 2421 252 2484 seminat
254 2440 310 2482 or·
295 2442 346 2498 s,
376 2415 463 2504 quod
487 2417 648 2500 scriptum
670 2423 734 2480 est:
708 2415 885 2482 tsseati
907 2414 1102 2502 pacifici,

111 2519 312 2604 quoniam
340 2515 428 2580 filii
458 2516 538 2580 D'ci
570 2513 851 2582 vocabuntur.
874 2512 899 2600 3)
930 2512 1054 2600 Atque
1085 2537 1103 2578 e

111 2619 242 2684 diverso
265 2615 435 2701 colligant,
459 2618 539 2701 quia
562 2640 591 2680 ιι
582 2615 666 2680 filii
680 2615 747 2678 Dei
765 2625 938 2694 vocantur,
963 2615 1021 2702 qui
1043 2638 1101 2701 pa·

111 2740 181 2788 cern
201 2716 340 2797 faciunt,
363 2716 479 2805 procul
502 2715 672 2781 dubiot
619 2723 672 2780 sat
674 2736 833 2780 anaesun
834 2713 931 2795 tfilii,
956 2737 1015 2802 qu1
1026 2737 1102 2782 con·

111 2816 263 2884 fundunt.
308 2816 431 2882 Omnes
456 2829 584 2896 autern,
616 2818 673 2901 qui
695 2837 756 2902 per
786 2813 983 2881 discordiam
1008 2837 1102 2902 sepa-

113 2928 231 2998 rantur
261 2943 281 2984 a
309 2915 478 2982 viriditate
510 2914 714 2996 dilectionis,
746 2914 896 2980 arefiunt.
941 2913 1009 2994 Qui
1041 2916 1104 2982 etsi

113 3017 191 3084 b'oni
212 3018 320 3106 operis
341 3016 469 3083 fructus
488 3017 522 3080 in
538 3016 606 3080 suis
618 3013 805 3080 actionibus
818 3014 1003 3100 proferunt,
1028 3037 1103 3099 pro·

114 3118 201 3184 teoto
232 3116 317 3202 nulli
346 3127 438 3198 sunt,
472 3116 551 3202 quia
580 3135 646 3178 non
675 3135 718 3178 ex
751 3115 878 3180 unitate
894 3112 923 3200 u)
954 3114 1104 3188 caritatis

118 3219 277 3285 oriuntur.
319 3215 407 3282 Hinc
430 3237 508 3300 ergo
530 3213 739 3300 perpendant
757 3215 957 3298 seminantes
973 3213 1104 3297 jurgia,

119 3337 215 3404 quam
243 3315 469 3403 multiplieiter
491 3325 647 3400 peccant:
671 3315 734 3400 qui
760 3313 837 3380 dum
866 3331 966 3376 unam
988 3312 1105 3398 nequi-

117 3417 196 3484 tiam
216 3427 424 3502 perpetrant,
448 3412 491 3480 ab
512 3415 665 3479 humanis
679 3410 834 3479 cordibus
847 3419 984 3476 cunctas
1008 3409 1107 3474 simul

122 3557 397 3574 m

150 3649 168 3718 ¹)
184 3649 276 3702 Marcu.
300 3646 346 3712 13,
372 3648 414 3701 28.
438 3675 471 3684 ·-
499 3643 523 3714 ²)
541 3645 617 3696 Prov.
642 3642 673 3707 6,
700 3637 740 3691 12.
768 3665 801 3676 -·
829 3633 849 3699 'l
868 3635 959 3688 lllatth.
977 3637 1006 3704 5,
1030 3635 1056 3694 9.
1074 3665 1109 3678 -

185 3731 210 3803 ⁴)
228 3735 292 3790 Alit.
310 3733 412 3786 virtuto.

813 3809 830 3874 q
844 3806 881 3846 *s
