2462 4220
555 257 782 322 -222-

168 427 363 506 Domini,
386 431 529 490 rectas
551 423 692 487 facite
716 424 898 488 semitas
920 421 1001 484 Dei
1024 421 1167 486 nostri.

166 510 257 576 Hinc
279 510 345 574 illis
368 509 543 594 psalmista
567 509 629 570 ait:
666 507 759 570 Iter
781 505 915 568 facite
939 505 995 580 ei,
1019 505 1090 588 qui
1112 526 1167 567 as·

168 592 319 658 cendit
342 613 471 677 super
494 611 698 654 oceasum.
718 587 743 670 ¹)
789 586 1064 674 Superoccasum
1081 608 1166 649 nam·

170 697 235 760 que
257 675 424 739 Dominus
447 672 613 752 ascendit3
637 673 718 758 quia
740 670 828 734 unde
852 671 1055 752 inpassione
1078 691 1167 732 occu·

168 758 253 838 buit,
277 755 355 820 inde
377 757 539 842 majorem
562 775 658 828 ¹suam
673 753 815 838 gloriam
834 749 1043 835 resurgendo
1067 750 1167 814 mani-

167 840 313 904 festavit.
366 837 476 924 Super
508 859 661 903 occasum
693 833 851 900 videlicet
884 834 1053 898 ascendit:
1092 836 1168 918 quia

168 934 308 986 mortem
322 920 584 1009 quampertulit,
606 917 815 1002 resurgendo
826 917 981 981 calcavit.
1028 917 1072 980 Ei
1095 937 1169 998 ergo

170 1006 229 1088 qui
250 1005 403 1070 ascendit
426 1026 527 1089 super
550 1024 723 1081 occasum,
748 1004 811 1066 iter
833 1000 989 1080 facimus,
1015 1021 1090 1062 cum
1113 1021 1168 1062 nos

170 1088 243 1172 ejus
265 1087 409 1172 gloriam
431 1087 551 1150 restris
580 1084 747 1148 mentibus
770 1082 1023 1170 praedicamus,
1056 1091 1094 1146 ut
1117 1103 1169 1144 eas

169 1183 203 1232 et
230 1171 302 1253 ipso
332 1179 407 1257 post
430 1169 598 1249 veniens,
621 1189 682 1254 per
713 1167 834 1232 amoris
864 1167 916 1229 sui
944 1167 1169 1249 praesentiam

167 1251 325 1317 illustret.

231 1339 260 1400 3.
296 1334 411 1399 Missis
434 1346 543 1398 autem
567 1332 870 1418 praedicatoribus,
896 1329 976 1418 quid
1000 1331 1092 1394 dicat
1115 1352 1168 1393 au·

168 1417 314 1482 diamus:
336 1418 495 1481 Messis
519 1416 686 1502 quidem
709 1416 862 1494 multa,
887 1415 1083 1498 operarii
1108 1435 1167 1476 au·

167 1510 244 1563 tem
267 1500 404 1583 pauci.
447 1501 612 1582 Rogata
643 1521 743 1582 ergo
774 1496 983 1564 dominum
1006 1497 1167 1571 messis,

166 1592 211 1645 ut
233 1585 380 1646 mittat
404 1582 624 1667 operarios
648 1583 687 1644 in
709 1601 881 1645 messem
905 1581 1075 1660 suam.‘·')
1120 1576 1168 1640 Ad

167 1685 308 1726 messem
331 1664 469 1726 multam
483 1665 629 1748 operarii
641 1665 742 1748 pauci
765 1673 855 1744 sunt,
879 1659 1051 1748 quodsine
1076 1659 1167 1742 gravi

166 1767 312 1810 moerore
325 1745 418 1830 loqui
431 1767 497 1808 non
519 1767 712 1830 possumus:
737 1747 817 1828 quia
830 1745 893 1808 etsi
910 1753 986 1807 sunt
999 1743 1056 1828 qui
1084 1743 1166 1806 bona

166 1825 318 1906 audiant,
343 1826 465 1891 desunt
488 1828 546 1914 qui
567 1824 691 1891 dicant.
735 1829 823 1892 Ecce
846 1824 990 1889 mundus
1012 1824 1164 1890 sacerdo·

165 1908 257 1974 tibus
280 1910 401 1996 plenus
414 1919 475 1990 est,
500 1910 677 1973 sedtameu
692 1911 725 1972 in
749 1931 856 1973 messe
871 1908 937 1972 Dei
951 1930 1049 1971 rarus
1073 1905 1166 1971 valde

167 1993 338 2058 invenitur
360 2004 533 2080 operator:
556 1996 637 2077 quia
649 1991 793 2056 officium
810 1990 943 2076 quidem
966 1987 1165 2055 sacerdotale

165 2077 392 2162 suscepimus,
429 2073 488 2138 sed
519 2097 603 2172 opus
634 2074 736 2138 officii
766 2097 834 2139 non
866 2075 909 2135 im
935 2071 1049 2136 lemus.
1105 2067 1166 2136 Sed

163 2169 317 2242 pensate,
341 2157 465 2222 fratres
476 2158 653 2233 oarrssimi‚
677 2166 818 2242 pensate
831 2177 897 2240 quo
934 2154 1075 2220 dieitur:
1098 2158 1163 2222 Ro·

163 2250 264 2336 gate
288 2241 494 2304 dominum
517 2241 693 2317 messis,
716 2249 759 2304 ut
780 2239 920 2303 mittat
942 2240 1164 2322 operarios

163 2341 206 2386 tn
235 2344 420 2386 messem
453 2321 622 2406 suaml)
665 2321 736 2387 Vos
765 2343 826 2408 pro
853 2318 950 2384 nobis
1005 2321 1104 2398 etite,
1134 2326 1165 2384 ut

164 2401 271 2490 digua
294 2403 391 2468 vobis
421 2405 556 2490 operari
578 2404 773 2486 valeamus,
803 2425 846 2467 ne
868 2401 913 2465 ab
937 2341 1164 2468 exlortatione

162 2485 280 2570 lingua
302 2497 454 2571 torpeat,
484 2508 527 2550 ne
558 2498 737 2572 postquam
764 2484 1029 2570 praedicationis
1059 2484 1164 2550 locum

163 2570 390 2655 suscepimus,
420 2569 511 2654 apud
538 2570 669 2654 justum
693 2569 841 2656 judicem
861 2578 980 2632 nostra
1001 2589 1063 2632 nos
1087 2567 1163 2634 taci-

163 2653 309 2716 turnitas
321 2650 465 2717 addicat.
510 2649 620 2736 Saepe
632 2653 719 2716 enim
735 2671 870 2736 prosus
881 2650 1046 2736 nequitia,
1069 2651 1163 2735 prae·

161 2731 346 2798 dlcantium
368 2733 487 2819 lingua
510 2734 739 2817 restringitur:
763 2755 865 2818 saepe
888 2755 967 2798 vero
988 2754 1033 2796 ex
1056 2731 1164 2818 subje-

161 2824 291 2904 ctorum
314 2816 415 2902 culpa
437 2841 456 2881 a
482 2818 560 2896 itur,
585 2827 623 2880 ut
644 2817 694 2880 eis
717 2818 777 2902 qui
799 2824 972 2902 praesunt,
995 2815 1165 2899 praedius·

160 2898 262 2964 tionis
286 2919 391 2963 sermo
420 2837 650 2964 suitrahatur.
695 2899 749 2964 Ex
771 2887 853 2962 sua⁰
867 2899 994 2983 quippe
1014 2895 1164 2984 nequitia

162 2979 432 3068 praedicantium
461 2981 579 3064 lingua
607 2981 848 3078 restringitur,
878 2981 965 3045 siout
991 2979 1165 3063 psalmista

167 3065 228 3129 tit:
259 3063 506 3129 Peccatori
536 3074 675 3129 autem
706 3063 826 3128 dixit
853 3062 982 3126 Deus:
1014 3061 1165 3140 Quare

157 3149 206 3211 'tu
229 3167 419 3212 enarras
446 3147 649 3234 justitias
672 3145 860 3224 measlt)
905 3144 1165 3210 Et·1ursumex

159 3229 243 3310 vitio
276 3229 520 3316 subjectorum,
556 3250 623 3295 vox
659 3228 925 3314 praedicantium
979 3223 1164 3305 rohibetur,

101 3322 103 3326 ’
160 3312 250 3376 siout
282 3311 327 3376 ad
360 3309 571 3375 Eaeohielam
609 3311 775 3376 Dominus
810 3309 910 3374 dicit:
986 3311 1164 3393 inguen

162 3404 276 3459 tuam
307 3392 625 3458 adhaerescere
654 3392 810 3458 faciam
838 3392 988 3478 palato
1017 3403 1109 3475 tuo,
1131 3399 1164 3454 et

164 3478 258 3545 eris
280 3485 436 3558 mutus,
456 3497 534 3542 neo
558 3477 684 3561 quasi
704 3475 772 3540 vir
794 3474 1049 3563 objurgans:
1073 3475 1163 3564 quis

191 3651 210 3720 ¹)
229 3653 292 3706 nu.
310 3651 353 3718 to,
372 3659 398 3710 a.
434 3653 506 3706 rau.
524 3653 574 3721 or,
592 3653 618 3707 s.
644 3681 677 3697 .-
705 3654 726 3719 ²)
743 3652 808 3706 uua.
828 3651 877 3718 ro,
896 3653 921 3705 a.
949 3681 988 3693 -›
1010 3628 1032 3717 u'
1049 3652 1116 3708 utu.
1132 3675 1163 3692 -

232 3720 256 3787 ⁴)
274 3721 347 3774 Psal.
366 3722 409 3788 to,
436 3723 478 3776 16.
993 3780 997 3790 ,
