2462 4220
448 219 702 331 Ab*

83 435 287 492 vertetur.
304 429 330 513 ¹)
372 429 456 510 Pax,
482 449 569 514 quoe
584 427 630 492 eb
652 447 709 524 ore
723 427 965 515 'praedicatoris
987 412 1086 496 offerss

83 517 154 588 tor,
186 519 247 574 cut
267 513 448 597 requiescit
478 514 512 575 in
535 511 646 590 domo,
678 531 707 574 u
736 512 771 576 in
801 534 842 578 ea
868 510 959 576 filine
989 515 1085 611 pecie

83 591 204 673 fuerit,
234 603 293 658 aut
322 593 367 657 od
401 593 553 660 cumdem
584 591 847 679 praedicatorem
882 605 1083 674 revertitur3

84 673 166 758 quie
196 686 256 740 aut
283 677 348 740 erit
377 676 521 761 quisquc
543 674 814 760 praedestinatus
843 675 887 741 od
910 679 1029 755 vitem,
1052 688 1085 742 et

85 754 228 820 coeleste
251 758 390 822 verbum
414 759 567 843 sequitur
591 757 679 843 quod
701 758 811 822 audit:
840 769 899 824 aut
921 760 950 824 si
972 759 1085 825 nullu·

80 837 202 906 audire
230 837 391 920 voluerit,
428 841 500 925 ipre
528 839 742 926 praedicator
770 842 841 904 sinc
876 842 988 906 fructu
1015 863 1085 907 nou

82 922 161 986 crite
186 922 267 1007 quic
289 921 333 985 ed
356 945 430 988 cum
449 945 518 1008 pax
533 923 724 1003 revertitur,
750 924 907 1009 quoniam
929 925 961 989 ci
983 924 1084 990 aDo·

81 1003 173 1070 mino
197 1027 255 1088 pro
284 1003 402 1070 labore
429 1006 482 1070 sui
506 1006 616 1090 operis
648 1027 775 1070 mercer
803 1017 1087 1087 recompensatur.

148 1087 178 1153 ἵ.
209 1087 297 1153 Ecce
328 1096 440 1153 autem
464 1087 522 1171 qui
550 1107 664 1170 peram
693 1097 727 1152 et
753 1086 926 1153 socculum
948 1100 1085 1175 portare

82 1167 276 1250 prohibuit,
306 1177 436 1236 sumtus
460 1179 493 1234 et
519 1169 679 1234 alimento
708 1191 750 1233 ex
774 1170 889 1235 eadem
912 1169 1084 1257 praedica·

83 1253 175 1318 tione
196 1253 355 1317 concedit.
400 1251 486 1316 Nem
509 1251 682 1317 subditur:
712 1252 763 1317 I·n
784 1251 926 1316 eedem
949 1262 1085 1318 eutem

82 1333 198 1400 domo
227 1347 412 1418 monete,
444 1332 634 1399 edentes
668 1332 947 1406 ettbibentce
977 1350 1086 1420 quoe

83 1415 201 1500 apud
229 1415 327 1482 illon
351 1427 457 1483 nunt.
502 1417 671 1502 Dignus
703 1425 775 1481 cet
803 1417 912 1482 enim
940 1439 1084 1502 opere·

80 1501 173 1568 riue
203 1501 403 1565 mercede
433 1498 566 1582 suast)
614 1499 651 1564 Si
676 1520 745 1586 pax
771 1511 886 1564 nostre
911 1499 1084 1647 recifitur,

82 1581 222 1665 dignum
247 1591 300 1646 cot
326 1595 364 1648 ut
384 1584 419 1648 in
446 1581 563 1646 eadem
586 1581 682 1647 domo
703 1603 916 1661 maneamus,
947 1605 964 1646 e
990 1591 1086 1648 cntco

82 1676 119 1730 et
143 1661 296 1730 bibentes
320 1687 408 1750 quee
430 1663 521 1752 apud
543 1665 621 1730 illos
643 1675 739 1730 nunt:
757 1675 795 1730 ut
817 1663 927 1732 abeis
948 1677 1086 1731 terrene

81 1744 254 1830 stipendia
276 1765 532 1833 consequamur,
554 1745 678 1832 quibus
694 1749 986 1833 praemiapetrioe
1007 1768 1082 1812 coe·

82 1827 177 1894 lentie
198 1826 375 1893 offerimus.
419 1829 518 1895 Unde
547 1831 647 1894 etiam
667 1828 798 1894 Paulus
820 1829 904 1896 hoec
925 1832 1000 1918 ipen
1021 1849 1085 1915 pro

82 1911 220 1976 minimo
243 1912 444 1998 suscipiens,
475 1913 570 1978 dicit:
598 1911 640 1976 Si
663 1933 735 1976 nos
763 1909 886 1977 vobio
908 1914 1082 1998 spirite·

85 1991 144 2060 iic
174 1992 495 2072 seminavimus,
521 2014 722 2078 magnum
753 2002 835 2072 eet,
869 1997 907 2058 ei
935 2003 1084 2058 vestra

82 2073 284 2143 cornelia
313 2077 539 2142 metamur?
557 2074 582 2160 3)
617 2075 662 2140 Et
684 2073 865 2140 notandum
894 2075 983 2162 quod
1005 2071 1082 2140 sub-

84 2156 190 2225 ditur:
219 2157 271 2220 Di
308 2181 383 2224 nus
417 2169 480 2222 est
514 2159 742 2244 operarius
773 2157 966 2222 mercede
996 2175 1087 2222 suar

29 2283 32 2290 ·
84 2240 168 2327 quia
185 2239 257 2324 jem
278 2179 321 2304 de
343 2241 497 2305 mercede
519 2250 598 2306 nunt
618 2239 729 2326 operio
751 2240 826 2322 ipse
848 2239 1008 2304 elimenta
1029 2259 1083 2302 ou·

83 2323 316 2404 etentetionim
336 2333 374 2387 ut
395 2321 450 2388 hic
469 2345 597 2388 merces
620 2321 661 2386 dc
682 2320 802 2386 laboro
823 2320 1086 2406 praedicationis
1182 2377 1184 2380 .

82 2403 279 2486 inchoetur,
308 2427 395 2490 quac
418 2403 490 2470 illic
511 2404 554 2472 do
576 2405 730 2468 veritatis
753 2403 882 2468 visione
904 2404 1086 2486 perficitur.

83 2487 166 2568 Qua
186 2487 222 2554 iu
242 2509 279 2552 re
289 2487 568 2554 considerandum
589 2498 651 2567 eet,
676 2484 764 2572 quod
776 2485 836 2550 uni
855 2497 967 2551 nostro
989 2485 1085 2568 operi

81 2570 173 2636 duae
187 2569 358 2634 mercedes
371 2569 548 2636 debentur:
568 2593 636 2634 uua
648 2571 684 2634 in
698 2568 765 2648 via,
787 2565 893 2632 altere
906 2569 942 2632 in
958 2567 1086 2652 patriar

81 2673 155 2720 una
171 2673 258 2736 quac
271 2674 331 2718 nos
345 2653 378 2716 in
396 2651 510 2716 labore
527 2660 704 2731 sustentat,
728 2649 798 2714 alie
816 2671 902 2735 quae
914 2672 974 2714 nos
986 2650 1021 2712 in
1032 2670 1084 2712 rc·

81 2733 293 2802 surrectione
309 2746 510 2800 remuneret.
554 2734 684 2798 Merces
698 2735 811 2818 itaque
835 2733 970 2817 quaein
986 2751 1084 2818 prue-

81 2817 172 2884 neoti
180 2817 354 2902 accipitur,
372 2815 479 2884 hocin
489 2815 588 2882 uobis
601 2815 701 2880 debet
713 2835 826 2898 ogere,
847 2822 882 2878 ut
892 2814 1084 2912 adsequen-

82 2911 153 2968 tem
162 2897 348 2964 mercedem
360 2898 529 2964 robustius
541 2897 707 2964 tendetur.
724 2898 840 2962 'Verus
849 2917 928 2980 ergo
940 2917 1085 2982 qumque

84 2980 296 3070 praedicator
307 3004 373 3048 nou
392 2982 469 3048 ideo
483 2981 679 3066 praedicere
694 2977 803 3057 debet,
825 2991 863 3042 ut
879 2980 915 3044 iu
929 2977 993 3044 hoc
1004 2988 1085 3042 tem·

84 3087 165 3152 pore
174 3064 357 3128 mercedem
365 3065 519 3149 recipiet,
533 3065 592 3128 eed
601 3061 863 3128 idcomerccdem
875 3062 1035 3146 recipere,
1047 3070 1088 3128 ut

84 3145 467 3234 praediceresubeistet.
492 3141 1088 3231 Quisquienemqucideopraedicat,

84 3225 926 3310 uthicvellaudievclmuneriemcrcedemrecipiet,
945 3234 1097 3290 eeteros·

84 3310 203 3395 procul
219 3310 320 3376 dubio
337 3311 490 3376 mercede
506 3335 541 3374 ee
552 3314 673 3396 privat.
718 3308 881 3394 Quisquis
891 3327 971 3374 vero
992 3304 1086 3392 velt)

85 3417 130 3460 ec
150 3416 239 3480 quoe
260 3393 358 3475 dicit,
388 3393 462 3458 ideo
491 3392 627 3478 placere
657 3391 849 3458 hominibus
871 3392 1018 3478 appetit,
1050 3400 1089 3454 ut

86 3475 166 3545 dum
188 3476 301 3563 piacet
314 3474 404 3562 quod
426 3474 558 3557 dicitur,
581 3495 643 3563 per
663 3473 780 3540 eedem
803 3472 892 3540 dicta
914 3496 981 3540 uon
1003 3473 1089 3558 ipse,

115 3654 135 3718 ι)
152 3652 215 3706 uuo.
235 3631 285 3718 ως
309 3652 335 3706 e.
353 3651 439 3708 o·-
466 3650 486 3716 ²)
505 3651 567 3704 cuc.
588 3649 636 3719 ro,
659 3656 684 3706 ι.
713 3681 747 3693 -
776 3649 798 3714 ⁸)
817 3652 841 3703 1.
859 3651 967 3717 coeo,
988 3649 1031 3726 11.¹
1057 3675 1093 3690 -

157 3721 385 3791 ⁴)A11epereu
497 3775 499 3782 ,

753 3798 846 3868 1οη
