2462 4220
539 241 577 258 -
619 203 682 272 aar
718 156 764 254 ’-

147 374 348 442 nemiuem
371 397 449 461 per
472 373 581 436 viam
605 371 925 440 salutaveritis.
942 370 966 454 ¹)
1011 373 1152 438 Praedi-

148 458 254 523 oatori
283 459 405 522 etenim
434 465 529 522 tanta
559 453 660 518 debet
691 455 727 519 in
750 453 824 518 Deo
856 477 929 520 esse
951 454 1093 536 fiducia,
1116 465 1153 521 ut

148 541 340 626 praeseutia
363 540 453 604 vitae
476 548 606 602 sumtus
630 538 784 623 quamvis
801 559 867 604 non
889 538 1077 624 provideat,
1103 551 1152 616 ta:

149 645 227 688 meu
248 622 315 688 sibi
343 621 403 688 hos
431 645 497 687 nun
520 621 638 686 deesse
665 620 849 686 certissimo
881 621 980 688 sciat:
1006 645 1051 686 ue
1074 621 1153 686 dum

149 728 245 772 meus
268 707 342 792 ejus
354 714 536 791 occupatur
558 703 602 769 ad
619 703 965 792 temporalia,·miuus
986 704 1152 792 aliispro·
1210 651 1212 784 l

149 787 264 853 videat
286 797 431 854 aeterna.
477 787 540 854 Oui
564 790 664 854 etiam
683 811 744 876 per
767 788 856 854 viam
872 787 1040 854 neminem
1061 787 1151 854 salu·

150 880 225 935 tare
248 869 458 954 conceditur,
490 883 528 938 ut
560 871 623 938 sub
652 881 780 958 quauta
806 871 1024 938 festinatione
1046 873 1113 937 iter
1126 869 1151 956 ²)

150 953 412 1042 praedicationis
434 976 578 1040 pergere.
597 951 732 1037 debeat,
756 955 963 1022 ostendatur.
1008 955 1106 1035 Quae
1126 956 1154 1017 si

154 1035 231 1122 quis
256 1036 360 1102 verba
382 1039 482 1104 etiam
507 1060 566 1121 per
593 1036 790 1121 allegoriam
820 1039 903 1103 velit
924 1037 1091 1124 intelligi,
1122 1039 1156 1100 iu

153 1117 288 1184 sacculo
307 1122 449 1207 pecunia
469 1119 588 1186 clausa
611 1131 675 1186 est:
698 1121 842 1206 pecunia
864 1143 943 1186 vero
965 1122 1084 1186 clausa
1108 1127 1161 1191 est

154 1203 322 1288 sapientia
345 1203 485 1272 occulta
529 1203 597 1282 Qui
608 1204 711 1287 igitur
734 1204 922 1290 sapientiae
933 1204 1085 1268 verbum·
1098 1203 1156 1266 lra-

152 1280 222 1367 bet,
246 1285 305 1349 sed
328 1285 390 1352 hoc
413 1309 466 1351 ero
494 1310 551 1351 are
574 1289 725 1368 proximo
748 1286 911 1369 nerligit,
939 1289 1036 1372 quasi
1059 1309 1154 1373 pecu·

152 1367 243 1432 niam
265 1371 298 1433 in
322 1369 453 1434 sacculo
468 1309 612 1454 ligatam
642 1377 743 1434 tenet.
788 1333 886 1434 ilnde
910 1371 1069 1456 scriptum
1093 1377 1155 1432 est:

154 1449 684 1536 Sapientiaabseondita,
708 1464 748 1515 et
770 1451 997 1531 thesaurus
1021 1450 1153 1517 oecul-

152 1541 237 1613 tus,
263 1556 370 1619 quae
393 1534 566 1598 utilitas
588 1537 630 1596 in
652 1536 869 1619 utrisque?
887 1533 913 1614 ³)
957 1533 1051 1616 Quid
1075 1554 1152 1599 vero

68 1622 71 1627 ’
96 1673 102 1690 „
151 1636 372 1702 perperam,
397 1617 463 1682 nisi
484 1639 586 1681 onera
609 1615 726 1682 seculi:
756 1629 790 1680 et
813 1615 979 1704 quidhoc
1002 1617 1076 1682 loeo
1096 1635 1153 1703 per

152 1696 391 1779 calceamenta,
403 1699 470 1764 uisi
482 1708 686 1764 mortuorum
697 1721 833 1786 operum
849 1699 1005 1786 exempla
1019 1701 1152 1782 signau-

152 1779 231 1844 tur?
276 1779 344 1860 Qui
365 1802 444 1865 ergo
467 1781 612 1848 officium
644 1781 905 1866 praedicationis
930 1783 1082 1868 suscipit,
1106 1779 1151 1844 di·

151 1883 255 1948 gnum
268 1885 336 1928 non
358 1872 458 1928 estut
473 1887 557 1929 onus
578 1865 778 1932 secularium
800 1865 1012 1950 negotiorum
1061 1872 1152 1930 ortet:

151 1965 195 2010 ne
218 1943 370 2012 dumhoe
385 1947 458 2032 ejus
481 1945 567 2012 colla
580 1945 749 2033 deprimit,
772 1947 816 2012 ad
840 1885 1151 2032 praedicandacaa·

152 2025 253 2094 lestia
274 2051 342 2094 nou
370 2040 538 2114 assurgat.
583 2027 654 2094 Neo
684 2029 784 2096 debet
812 2030 989 2096 stultorum
1019 2050 1152 2116 operum

154 2109 311 2197 exempla
334 2113 539 2198 conspicere,
566 2134 607 2178 ne
631 2135 694 2178 sua
714 2135 816 2199 opera
833 2113 931 2199 quasi
954 2135 996 2178 ex
1017 2112 1152 2178 mortuis

152 2191 303 2281 pellibus
315 2193 429 2260 eredat
444 2197 585 2260 munire.
626 2194 713 2260 Sunt
735 2198 856 2262 etenim
877 2194 986 2276 multi,
1008 2199 1068 2282 qui
1069 2217 1151 2357 pra·

151 2277 290 2342 vitatem
315 2299 410 2342 suam
432 2300 475 2342 ex
498 2277 620 2343 alienis
642 2278 870 2364 pravitatibus
885 2287 1033 2346 tuentur.
1101 2297 1151 2342 ura

147 2359 241 2429 euim
264 2357 349 2426 alios
371 2359 455 2426 talia
475 2361 597 2426 fecisse
620 2362 852 2440 considerant,
883 2383 918 2426 se
942 2360 1026 2428 haec
1045 2360 1151 2426 faeere

150 2437 295 2508 licenter
317 2454 446 2528 putant.
489 2443 534 2510 Hi
562 2443 644 2530 quid
666 2443 762 2510 aliud
787 2443 934 2524 faciunt,
962 2443 1030 2510 uisi
1057 2441 1152 2530 pedes

153 2547 232 2592 suos
254 2547 296 2590 ex
317 2537 522 2592 mortuorum
553 2526 750 2594 animalium
777 2527 907 2592 munire
935 2524 1084 2612 pellibus
1104 2545 1151 2590 eo·

153 2609 304 2674 uantur?
347 2606 465 2674 Omnis
494 2631 574 2676 vero
606 2610 665 2697 qui
689 2608 817 2676 salutat
839 2610 875 2677 in
898 2609 954 2674 via
963 2657 972 2688 ,
997 2631 1039 2673 ex
1062 2629 1150 2674 occa·

153 2689 247 2758 sione
269 2689 398 2758 salutat
418 2690 568 2779 itineris,
590 2715 658 2760 uon
680 2714 724 2758 ex
746 2693 855 2760 studio
876 2690 1045 2776 optandae
1068 2691 1151 2778 ejus·

154 2769 228 2840 dem
252 2771 382 2840 salutis.
427 2773 495 2854 Qui
508 2777 614 2861 igitur
628 2797 695 2842 nou
708 2783 992 2842 amoreaeteroas
1014 2775 1153 2859 patriae,

152 2851 214 2922 sed
235 2859 460 2941 praemiorum
490 2857 620 2924 ambitu
654 2857 796 2924 salutem
820 2855 1037 2922 audientibus
1059 2875 1152 2942 prae·

153 2935 263 3019 dicat,
296 2941 396 3026 quasi
424 2944 460 3008 in
482 2939 768 3022 itinere-salutat:
796 2939 876 3026 quia
899 2960 942 3004 ex
970 2939 1153 3015 occasione,

153 3031 189 3086 et
209 3045 275 3088 nou
304 3044 348 3089 ex
375 3025 560 3092 intentione
592 3023 734 3090 salutem
765 3019 980 3089 audientibus
1008 3028 1153 3108 exoptat.

218 3107 246 3168 6.
271 3101 446 3192 Sequitur:
468 3108 516 3174 Iu
561 3125 830 3192 uamcumque
847 3103 1004 3170 domum
1026 3103 1154 3168 intra-

154 3189 324 3270 veritis,
345 3130 689 3275 primumbicitez
712 3187 795 3254 Pax
817 3185 912 3252 huic
933 3185 1077 3252 domui.
1106 3183 1155 3248 Et

155 3271 193 3340 si
214 3269 276 3336 ibi
297 3270 430 3338 fuerit
451 3273 577 3339 filius
598 3272 731 3359 pacis,
755 3271 1002 3355 requiescet
1022 3287 1152 3354 super

155 3351 319 3438 illuuss)
349 3376 428 3440 pax
456 3364 621 3422 vestra:
653 3355 905 3436 sinautem,
935 3349 988 3416 ad
1007 3371 1080 3415 voa
1100 3367 1156 3412 re·

232 3486 294 3514 1',
457 3490 461 3504 s

183 3614 203 3678 ¹)
220 3614 285 3670 Lur.
304 3613 344 3679 10,
362 3612 432 3670 4.-
450 3613 474 3680 ¹)
493 3611 558 3664 Alit
567 3611 594 3663 iu
604 3611 660 3677 iter,
676 3610 734 3690 alit.
743 3609 846 3662 itinere.
860 3635 894 3646 ·-
913 3605 938 3674 ³)
956 3605 1038 3660 Eeeli.
1057 3603 1099 3672 ii,
1118 3603 1159 3658 l'l.

167 3678 817 3754 ·⁴)Alit.suparillarnuampa‚domum.
872 3717 874 3726 ,
950 3729 954 3737 ,
1012 3705 1015 3715 ·
