2462 4220
425 282 661 351 ..··243·..·
734 231 754 325 s

35 447 152 530 vendi,
186 457 225 514 ut
260 445 493 534 dicit‘glosse
525 469 628 534 super
657 447 691 512 id
721 447 765 512 cd
791 447 884 513 Rom.
915 447 973 530 15,
1008 448 1056 514 43:

37 530 324 616 Quaecunque
347 533 510 619 scripta
532 539 629 596 'sunt
651 539 734 609 etc,
758 529 884 598 Christi
904 533 1038 597 vitari·

34 625 91 677 tao
114 623 249 696 nostrae
272 623 306 678 et
327 636 454 680 morum
482 626 533 680 est
554 613 747 697 disciplina3
776 624 887 678 tamen
909 616 1038 699 praeci-

34 720 101 782 puo
131 693 299 761 Praelatio
329 707 361 761 et
389 699 586 762 rectoribus.
631 695 698 762 Ubi
728 697 916 780 sciendum,
948 692 1039 785 'quod

37 779 219 862 Praelptus
256 777 356 844 debet
390 803 450 866 pro
487 781 616 845 viribus
651 777 775 844 imitari
803 779 972 846 Christum
1003 781 1040 846 in

37 884 187 950 qumque
762 891 764 896 ·
886 883 890 891 ·

139 995 167 1060 1.
210 991 261 1058 m
283 977 623 1061 cononemomo.

140 1095 185 1158 11.
230 1093 280 1158 m
302 1091 597 1159 nnmvnnrn.

139 1193 205 1257 in.
248 1191 299 1257 m
321 1191 515 1258 nonnum.

141 1293 199 1358 nr.
243 1293 290 1358 m
317 1283 438 1358 mm.
589 1295 593 1304 ’

141 1393 181 1456 v.
226 1393 275 1456 m
297 1389 468 1465 noenu

102 1543 129 1608 Ι.
171 1541 219 1610 In
243 1541 540 1630 Conceptione.
578 1542 668 1621 Quin
691 1542 776 1608 sicut
799 1542 955 1609 Christus
976 1541 1044 1607 fuit

38 1636 221 1712 conceptus
245 1629 316 1692 sine
339 1624 455 1711 aliqua
478 1625 621 1710 virginis
639 1627 851 1712 corruptione
874 1635 908 1692 et
930 1643 1058 1716 operm

36 1712 131 1774 tione
162 1708 307 1794 Spiritus
335 1709 460 1786 sancti,
491 1709 538 1778 sic
565 1708 742 1773 Praelatus
772 1708 872 1774 debet
899 1707 982 1796 eligi
1010 1719 1045 1776 et

38 1791 180 1880 praefici
213 1791 286 1856 aliis
318 1795 391 1856 sine
424 1791 541 1880 alique
577 1793 686 1880 precis
718 1791 950 1878 corruptione,
983 1803 1043 1860 aut

66 1875 146 1938 retii
164 1897 223 1940 seu
246 1873 600 1955 affectioniscernalis',
625 1873 683 1938 secl
697 1873 802 1938 solum
821 1873 1058 1960 inspiratione

40 1898 192 2045 lblpiritus
215 1959 331 2023 sancti.
373 1957 485 2022 Aliter
503 1960 653 2042 sequitur
670 1955 712 2036 id,
735 1955 823 2042 quod
835 1956 921 2020 dixit
942 1956 1043 2022 Chri·

42 2056 136 2108 stus:
164 2039 281 2121 Quod
309 2053 452 2106 netum
475 2051 539 2105 cst
569 2039 924 2122 cxca1·ne,'caro
955 2051 1045 2122 est,

43 2135 83 2190 et
106 2123 211 2210 quod
233 2133 371 2190 nutum
393 2133 522 2190 estex
546 2123 720 2211 spiritu,
740 2123 918 2208 spiritus
940 2120 1046 2210 est.¹)

41 2210 130 2274 Item
153 2205 306 2275 Christus
330 2207 402 2292 ¹fuit,
428 2216 608 2304 couceptus
638 2207 691 2269 vir
712 2205 898 2288 perfectus,
928 2215 1047 2274 contra

42 2315 122 2372 eos,
178 2287 367 2372 ui‘eligunt
389 2313 510 2376 pucros
533 2311 567 2354 m
592 2287 775 2355 Praelatos.
817 2287 902 2352 Item
924 2287 1047 2373 plenus

42 2373 166 2438 virtuti
191 2396 230 2438 us
264 2384 297 2436 et
325 2373 474 2438 scientia.
529 2369 585 2436 Sic
618 2370 795 2436 Praelatus
832 2369 932 2435 debet
963 2369 1047 2456 eligi

41 2481 112 2522 non
142 2455 282 2520 vitiosus
313 2469 346 2520 et
373 2455 532 2540 ignarum
564 2453 651 2520 alias
682 2456 715 2518 si
742 2472 893 2534 caecus
922 2475 1047 2520 caeco

44 2539 245 2604 ducatum
274 2547 486 2624 praestet,
517 2538 632 2602 ambo
661 2537 699 2603 in
729 2535 1047 2602 foveam'inferni

41 2619 257 2708 cadunt.²)
637 2627 641 2633 “
1057 2617 1060 2630 ’

110 2789 157 2856 II.
193 2787 243 2854 In
268 2787 538 2854 Nativitnto.
584 2787 675 2866 Quia
698 2782 851 2852 Christus
875 2799 974 2854 natus
998 2801 1051 2856 est

45 2871 148 2938 valde
178 2893 315 2958 pauper.
361 2871 520 2950 Pennis
530 2921 538 2951 ,
569 2871 679 2958 inquit
708 2867 833 2953 Lucas,
864 2893 953 2935 eum
990 2871 1047 2936 in·

45 2981 67 3019 v
79 2954 205 3035 olvit,
224 2952 250 3042 ³)
275 2977 340 3020 non
353 2950 481 3035 sericis,
495 2977 561 3020 non
575 2953 731 3042 pretiosis
746 2952 906 3018 vestibus.
951 2949 1050 3032 Quod

16 3087 18 3090 -
44 3052 99 3104 est
121 3049 237 3104 eontra
261 3038 380 3102 multos
396 3037 582 3118 Praelatos,
606 3039 665 3121 qui
679 3059 834 3122 pompose
853 3035 1049 3110 induuntur.

45 3125 133 3188 Item
158 3117 313 3186 Christus
331 3141 407 3186 mox
430 3132 529 3189 natus
553 3119 648 3186 flevit
665 3122 766 3207 juxta
789 3119 838 3184 id:
870 3119 976 3204 vagit
999 3122 1048 3186 in·

44 3207 124 3268 fans
147 3204 233 3271 inter
256 3214 317 3268 etc.
362 3201 416 3269 Sic
433 3202 599 3286 Praelati,
624 3202 759 3292 quando
782 3201 968 3288 eliguntur,
993 3201 1073 3282 de,

46 3289 168 3372 herent
188 3285 270 3364 flere
287 3286 535 3352 considerantes
548 3309 644 3371 suum
659 3285 929 3352 insufficientium
947 3293 1055 3373 utque

46 3442 335 3464 mand-*0⁶4

79 3537 89 3564 ¹

83 3536 104 3668 ²l
117 3533 299 3668 pppihssso.
316 3601 357 3679 n.

85 3671 109 3740 ³)
129 3672 191 3725 Luc.
216 3675 249 3738 2,
278 3673 303 3728 7'.

1224 613 1226 740 l
