2468 4218
551 215 845 327 -u-J

156 451 177 492 a
204 427 384 493 eommunis
413 425 653 492 aedificationis
686 437 757 493 arte
792 405 982 512 numquam
1002 425 1157 493 recedat

155 541 247 624 Quid
271 545 357 608 enim
381 552 457 609 sunt
478 543 625 608 intentae
643 551 771 608 mentes
787 541 985 624 auditorum,
1008 543 1086 625 nisi,
1112 551 1156 610 ut

152 662 201 727 ita
224 659 384 743 dixerim,
419 659 583 746 quaedam
611 661 646 726 in
669 657 799 723 cithara
827 659 996 725 tensiones
1021 668 1150 724 stratae

152 775 367 858 chordarum,
391 799 475 862 quas
497 775 658 860 tangendi
679 774 818 859 artifex,
851 784 978 842 utnon
1001 774 1150 840 sibimet·

150 895 218 981 ipsi
238 891 400 959 dissimile
427 893 594 958 canticum
619 890 742 974 faciat,
777 891 979 958 dissimiliter
1007 889 1155 979 pulsat?

133 1011 199 1078 ‚Et
219 1011 340 1075 ideirco
363 1009 508 1075 chordae
531 1031 710 1074 consonam
725 1008 984 1097 modulationem
995 1008 1161 1075 redduntr

222 1247 271 1297 sim
295 1245 450 1312 rependant,
476 1250 505 1296 ut
528 1259 614 1298 sorum
638 1244 854 1298 admonitionibus
878 1250 993 1312 pareant.
1035 1245 1154 1314 Quidam

222 1331 300 1383 stiam
318 1331 351 1382 ad
368 1331 475 1382 minima
492 1344 576 1397 usque
594 1345 625 1382 ac
641 1329 776 1383 levissima
793 1329 948 1382 observandi
967 1335 1041 1397 suut,
1064 1331 1153 1382 nimi-

219 1433 276 1468 rum
296 1415 341 1484 qui
361 1430 390 1468 eo
409 1417 478 1484 quod
495 1419 602 1484 peccata
619 1427 670 1467 sua
687 1415 796 1468 obscura
815 1420 840 1468 ct
864 1417 999 1483 incognita
1017 1429 1075 1468 esse
1093 1432 1150 1484 pu-

219 1506 275 1554 tant
293 1501 518 1570 (quandoquidem
535 1503 562 1554 id
578 1501 720 1554 moliuntur
737 1505 859 1570 tanquam
879 1503 1065 1569 sapientiores)
1084 1503 1152 1554 ani-

219 1589 270 1639 mis
287 1585 427 1654 inflantur3
453 1587 481 1638 in
506 1587 659 1656 quibusdam
682 1601 784 1638 rursum
808 1589 841 1640 ad
858 1587 985 1642 nonnulla
1008 1587 1152 1642 connivere

219 1673 302 1725 satius
319 1671 396 1724 fuerit
414 1672 464 1742 (ita
481 1678 511 1724 ut
530 1673 646 1726 ridentes
663 1687 713 1726 non
732 1673 878 1739 videamus,
898 1678 922 1725 ct
939 1673 1074 1726 audIcntea
1093 1689 1149 1726 nen

218 1760 368 1826 audiamus,
395 1759 609 1827 quemadmodum
633 1759 685 1811 diei
711 1759 786 1822 solet)
812 1774 844 1812 ne
871 1759 973 1827 alioqui
999 1773 1044 1812 eos
1066 1759 1150 1816 nimis

217 1844 314 1898 crebris
331 1843 558 1914 objurgationibus
576 1848 698 1912 tanquam
717 1843 839 1898 fluctibus
858 1845 1010 1911 obruentes,
1038 1845 1072 1913 ad
1097 1846 1151 1897 de-

220 1931 391 1998 sperationem
411 1930 564 1996 incitemus,
600 1945 631 1982 ae
654 1931 780 1984 dissoluto
807 1931 909 1983 tandem
934 1931 1046 1998 pudore,
1076 1931 1149 1998 quod

220 2017 401 2086 persuasionis
418 2017 585 2084 pharmacum
604 2021 656 2085 est,
682 2018 716 2069 ad
734 2016 843 2084 quodvis
870 2014 973 2068 facinus
991 2015 1149 2069 audaciores

220 2103 365 2156 reddamus.
402 2102 473 2169 Quin
498 2102 574 2154 etiam
599 2118 657 2154 cum
675 2101 810 2154 nonnullis
833 2101 870 2153 ita
888 2103 1017 2168 agendum
1035 2105 1088 2169 est,
1116 2105 1148 2153 ut

218 2203 271 2242 non
287 2189 429 2241 irascentes
444 2188 594 2255 irascamur,
612 2202 663 2240 non
673 2192 862 2240 contemnentes
873 2177 1072 2254 contemnamus,
1090 2201 1150 2240 non

219 2277 384 2343 desperantes
403 2273 581 2341 desperatum,
607 2277 735 2340 quatenus
753 2273 874 2325 videlicet
892 2287 980 2326 eorum
998 2279 1092 2325 natura
1117 2273 1147 2324 id

218 2361 335 2429 requirit.
369 2357 426 2411 Alii
441 2373 533 2411 rursus
551 2359 656 2411 lenitate
673 2363 699 2410 at
715 2358 862 2410 hnmilitate
880 2360 989 2412 curandi
1007 2364 1080 2425 sunt,
1099 2362 1151 2410 at-

219 2461 269 2514 que
294 2445 375 2498 alacri
399 2445 484 2498 animo
512 2461 564 2498 una
589 2461 645 2497 cum
671 2443 726 2495 illis
748 2444 877 2498 meliorem
905 2459 977 2514 spem
1003 2445 1146 2500 induendo.

217 2533 295 2584 Alios
313 2531 428 2598 vincere,
447 2530 479 2584 ab
497 2532 560 2584 aliis
578 2531 648 2584 vinei
666 2529 817 2598 plerumque
834 2531 925 2583 utilius
941 2529 1035 2597 fuerit,
1064 2534 1147 2595 atque

217 2617 328 2669 aliorum
345 2631 406 2686 opes
423 2621 449 2670 et
466 2616 622 2686 potentiam,
650 2615 760 2666 aliorum
777 2617 891 2684 inopiam
918 2621 944 2668 et
961 2616 1147 2684 calamitatem,

217 2702 259 2755 vel
277 2701 396 2770 laudare,
422 2702 463 2756 vel
482 2701 620 2770 deprecari.
656 2703 744 2768 Neque
767 2703 847 2769 enim,
872 2703 1084 2770 quemadmodum
1113 2702 1146 2754 in

216 2789 312 2841 virtute
328 2805 359 2843 ae
376 2789 438 2842 vitio
455 2801 498 2840 res
516 2801 545 2839 sc
561 2787 646 2853 habet,
665 2791 693 2838 ut
709 2787 758 2840 illa
776 2789 878 2856 quidem
896 2803 998 2857 semper
1014 2787 1145 2857 pulcher-

216 2875 282 2926 rima
300 2879 325 2928 et
351 2874 470 2928 omnibus
492 2871 633 2924 utilissima
656 2873 706 2940 sit,
731 2873 780 2926 hoe
807 2881 891 2926 autem
914 2875 1093 2943 turpissimum
1116 2878 1149 2926 et

216 2960 465 3028 perniciosissimum
484 2957 531 3022 sit;
561 2959 647 3010 eodem
666 2960 740 3011 modo
757 2960 899 3014 medicinae
915 2975 1018 3030 quoque
1035 2963 1147 3013 nostrae

215 3048 281 3100 ratio
299 3062 330 3100 ea
348 3051 401 3112 est,
424 3049 453 3095 ut
470 3057 549 3095 unum
567 3044 683 3114 idemque
701 3047 912 3098 medicamentum
930 3045 1020 3098 iisdem
1039 3059 1148 3114 semper

195 3120 261 3186 ,vel
289 3130 486 3186 saluberrimum
515 3130 564 3198 sit,
593 3129 633 3182 vel
660 3129 1027 3198 periculosissimumz‘verbi
1053 3130 1148 3200 gratia

214 3219 342 3274 acerbitas
367 3220 414 3267 aut
438 3215 587 3282 clementia,
621 3219 667 3268 aut
692 3217 892 3285 unumquodque
918 3215 1045 3284 aliorum,
1071 3229 1146 3284 quae

214 3307 288 3358 modo
306 3317 322 3354 a
340 3299 416 3353 nobis
442 3305 591 3354 enumerata
614 3305 684 3356 suut.
719 3301 816 3355 Verum
841 3302 903 3356 aliis
929 3303 978 3356 hoc
995 3301 1163 3358 medicinae·

212 3403 297 3458 genus
316 3387 411 3439 bonum
428 3392 504 3456 atque
521 3387 586 3441 utile
602 3385 696 3456 fuerit,
722 3387 784 3441 aliis
806 3391 891 3444 autem
909 3401 1014 3441 rursum
1031 3391 1145 3442 eenna-

212 3477 281 3528 rium
298 3473 415 3526 medendi
432 3487 532 3542 genus,
550 3477 638 3543 prout,
657 3474 765 3543 opinor,
789 3474 832 3532 rel
849 3489 892 3528 res
909 3475 952 3529 val
970 3473 1072 3529 occasio
1090 3480 1145 3528 tu-

169 3553 178 3566 *
198 3560 286 3626 ierit,
304 3557 348 3612 vol
365 3559 553 3628 aegrotantium
572 3559 681 3628 denique
698 3574 782 3614 moras
801 3561 960 3615 admiserint.
989 3561 1145 3630 Quaequi-

117 3689 118 3693 ,
169 3645 177 3654 “
212 3631 270 3725 dem
287 3647 373 3700 omnia
390 3660 506 3702 sermone
524 3645 695 3716 distinguere,
722 3649 800 3716 atque
817 3647 855 3702 iia
872 3651 962 3702 exacte
979 3647 1147 3720 pampinare,

211 3725 240 3784 ut
261 3731 314 3788 tola
338 3733 474 3789 mandendi
496 3733 563 3788 ratio
587 3731 615 3787 iu
637 3746 764 3788 summam
788 3733 943 3805 colligatur,
969 3733 1159 3805 inpossibile·
