2462 4220
406 245 636 338 „237-

22 410 109 476 Istor
130 410 272 476 bonus.
304 409 417 496 Atque
427 409 579 497 ejusdem
591 408 753 477 bonitatis
762 411 903 476 formam
920 433 1025 499 quem

18 513 80 557 :uos
99 493 282 571 imitemur,
305 491 461 580 adjungit
478 491 522 579 ¹),
546 493 676 559 dicens:
709 494 848 559 Bonus
870 502 1023 581 pastor

18 577 192 639 *animam
216 595 331 640 suam
355 575 473 660 ponit
499 598 573 658 pro
597 576 759 640 ovibus
782 577 880 642 suis.
925 577 1025 642 Fecit

18 657 106 740 :quod
135 659 278 738 monuit,
317 656 461 722 ostendit
491 658 579 744 quod
603 659 717 745 jussit.
761 658 876 726 Bonus
904 670 1021 746 pastor

17 744 78 820 [pro
102 739 220 805 ouibus
243 741 314 804 suis
338 740 481 803 animam
505 763 599 804 suem
622 741 752 826 posuit,
789 744 881 806 utin
906 763 1020 807 sacra·

18 831 264 887 mentonestro
288 843 409 966 corYus
440 844 537 886 suurn
570 832 604 888 et
632 825 832 907 sauguinem
867 835 1024 904 verteret,¹

20 915 54 969 ,et
80 926 158 970 oves
178 925 272 1050 &aas
300 917 503 984 resumeret,
533 905 647 969 cornis
670 925 750 969 suae
779 903 939 971 alimento
968 929 1021 972 sa·

16 987 124 1052 tieret.
209 997 323 1051 stensa
352 985 449 1050 nobis
479 998 529 1050 est
559 987 600 1052 de
628 997 792 1053 contemtu
822 990 937 1052 mortis
963 990 1023 1054 via
1062 1018 1066 1028 .

26 1087 117 1153 quarn
142 1090 343 1154 sequemur,
377 1071 531 1154 apposita
562 1079 612 1132 est
640 1069 748 1133 forma
776 1072 831 1134 cui
853 1071 1021 1156 imprima-

16 1171 98 1218 mur.
142 1151 290 1216 Primum
312 1151 408 1217 nobis
433 1163 483 1214 est
505 1153 674 1214 exteriora
696 1160 812 1216 nostre
835 1151 1021 1216 misericor-

16 1231 104 1301 diter
133 1232 252 1298 ovibus
281 1233 354 1330 ejus
370 1228 594 1316 ‘impenderet
623 1245 827 1320 postremum
856 1249 957 1314 vero',
991 1235 1021 1298 si

15 1335 154 1384 ,necesso
178 1315 236 1396 sit,
260 1325 360 1380 etlam
382 1326 520 1378 mortem
544 1323 693 1380 nostram
715 1337 776 1402 pro
800 1316 925 1379 eisdem
947 1317 1020 1380 ovi·

23 1393 80 1461 bus
101 1399 300 1462 ministrare.
343 1399 373 1460 A
396 1398 503 1482 primo
525 1409 636 1462 autem
657 1396 721 1462 hoc
741 1397 875 1462 minimo
901 1419 1019 1484 perve-

22 1480 104 1545 nitur
128 1479 171 1544 ad
193 1490 395 1565 postremum
419 1481 538 1564 majus.
584 1479 650 1544 Sed
671 1502 746 1544 eum
774 1479 1020 1567 incomparabi-

18 1559 89 1626 iiter
111 1561 213 1659 louge
237 1563 280 1626 sit
305 1561 422 1627 melior
444 1563 556 1626 anima
579 1584 647 1650 qua
677 1562 843 1642 vivimus,
883 1576 1019 1628 terrena

21 1643 204 1710 substantia
227 1667 326 1730 quam
352 1646 499 1708 exterius
522 1645 745 1731 possidemus:
776 1645 834 1732 qui
862 1668 932 1711 non
961 1645 1021 1711 dat

14 1749 74 1807 [pro
97 1721 219 1792 ovibus
249 1725 471 1791 substantiam
495 1749 610 1808 suam,
645 1727 779 1814 quando
825 1751 862 1794 ro
884 1729 936 1793 his
959 1727 1018 1793 da·

13 1817 109 1884 turus
132 1818 184 1874 est
205 1811 350 1872 animam
372 1811 490 1874 suam?
523 1811 568 1874 Et
583 1821 662 1874 sunt
679 1750 844 1892 nonnulii,
869 1811 1015 1896 quidum

19 1889 89 1975 plus
112 1901 280 1956 terrenam
303 1890 525 1956 substantiam
549 1913 649 1977 quem
672 1913 752 1956 oves
771 1892 925 1977 diligunt,
948 1913 1016 1956 me·

18 1975 75 2038 rito
107 1996 228 2039 nomen
255 1975 400 2060 pastoris
429 1975 583 2072 perdunt.
627 1973 680 2036 De
709 1973 833 2060 quibus
861 1978 1016 2060 protinus

18 2056 184 2124 subditur:
206 2055 497 2121 Mercenarrus
520 2067 675 2135 autem,
701 2065 738 2120 et
760 2058 927 2142 quinon
951 2067 1026 2120 est·

17 2149 183 2224 pastor,
206 2139 327 2224 cujus
350 2160 431 2202 non
456 2152 554 2203 sunt
576 2158 677 2204 oves
700 2141 924 2224 propriae,
959 2137 1015 2202 vi·

12 2221 82 2366 {let
104 2220 247 2308 lupum
272 2221 533 2303 venientem,
564 2232 604 2284 et
628 2219 814 2286 dimittit
836 2241 952 2302 oves,
977 2229 1036 2284 et⁴

12 2327 55 2366 u
98 2306 140 2367 it.
1023 2303 1027 2310 ’

68 2326 106 2450 Β2.
142 2386 362 2466 Noupastor‚
387 2381 853 2465 sedmereenariusvocetur,
878 2387 1017 2472 quinon
1102 2451 1108 2457 ,

38 2492 74 2533 ro
98 2490 210 2533 umore
232 2469 346 2532 intimo
368 2489 450 2531 oves
474 2469 689 2548 Dominicas,
713 2466 771 2530 sed
792 2467 836 2532 ad
851 2479 1016 2553 tempora·

14 2489 61 2614 ies
86 2549 255 2614 mercedes
278 2550 395 2635 poscit.
440 2550 671 2615 Mercenarius
724 2551 827 2636 uippe
854 2560 923 2624 est,
959 2549 1017 2632 qui

15 2632 125 2697 locum
149 2633 281 2720 quidem
305 2635 450 2717 pastoris
476 2645 583 2710 tenet,
621 2630 679 2697 sed
701 2571 802 2698 incra
830 2633 1016 2696 animarum

13 2739 77 2780 non
103 2717 251 2800 quaerit:
274 2716 417 2779 terrenis
440 2715 617 2780 commodis
630 2712 750 2794 inhiat,
774 2713 899 2778 honoro
918 2735 1014 2801 prae-

13 2797 151 2863 lationis
181 2798 323 2881 gaudet,
357 2797 602 2882 temporalibus
627 2795 729 2862 lucris
752 2799 921 2882 pascitur,
955 2798 1016 2859 im·

13 2901 120 2966 pensa
143 2879 208 2943 sibi
230 2877 273 2943 ab
295 2879 486 2946 hominibus
514 2879 704 2956 reverentia
726 2877 881 2944 laetatur.
924 2879 1016 2943 Istae

13 2973 92 3028 sunt
114 2964 238 3027 etenim
266 2962 436 3027 mercedes
467 2961 681 3040 mercenarii,
713 2971 751 3026 ut
778 2983 839 3046 pro
870 2984 908 3026 eo
941 2964 1014 3045 ipso

12 3043 103 3132 quod
126 3045 161 3108 in
183 3045 345 3128 regimine
367 3044 515 3126 laboret,
546 3042 601 3107 hic
627 3043 716 3128 quod
738 3046 891 3124 quaerit,
924 3045 1014 3107 inve·

12 3129 103 3208 niet,
128 3129 171 3190 'et
192 3127 236 3191 ab
259 3127 466 3192 haereditate
488 3128 601 3211 gregis
635 3129 670 3188 in
691 3136 859 3214 posterum
883 3125 1015 3190 alienus

12 3211 147 3274 existat
192 3209 315 3274 Utrum
346 3231 425 3276 vero
458 3223 575 3295 pastor
608 3208 670 3289 sit,
706 3227 750 3272 an
780 3207 1015 3283 mercenarius,

12 3291 169 3378 cognosci
190 3297 357 3359 veraciter
379 3313 445 3358 non
466 3300 593 3376 potest,
625 3290 654 3354 si
682 3291 812 3356 occasio
835 3290 1014 3356 necessita-

12 3376 52 3440 tis
76 3373 181 3440 deest
226 3373 498 3523 Trauguillitatis
521 3377 608 3440 euim
630 3382 794 3460 tempore,
816 3369 1015 3459 plerumque

12 3456 51 3522 ed
74 3457 190 3542 gregis
219 3469 313 3524 custo
340 3460 405 3522 iam
435 3459 647 3522 sicutverus
675 3467 807 3542 pastor,
842 3456 891 3520 sic
913 3455 1014 3518 etiam

12 3540 237 3606 mercenarius
251 3550 332 3606 stat:
355 3537 412 3606 sed
431 3538 532 3627 lupus
548 3539 690 3605 veniens
703 3536 829 3604 indicat
844 3559 909 3624 quo
924 3535 1014 3622 quis·

41 3716 67 3794 os
83 3711 149 3769 ιιι
166 3712 313 3785 subjungo.
