2462 4220
560 225 787 295 ...192⁶-

173 394 351 468 humilisre
372 396 561 462 contemnit
597 394 667 476 Qui
686 415 766 462 vero
789 404 930 480 peccata
947 393 1158 483 jem-deserit,

174 518 237 563 nec
255 506 368 563 temen
388 494 530 582 plangit,
546 495 619 581 jam
642 494 775 581 quidem
795 493 1157 578 humiliatonem

174 619 233 666 cor
254 607 423 662 conterere
444 604 585 660 recusat.
629 594 718 659 Hinc
740 593 867 660 Paulus
891 595 953 660 eit:
984 595 1033 661 Et
1065 593 1160 660 hoec

175 696 340 786 quidem
357 693 522 760 fuistis:
544 693 615 758 sed
632 692 767 778 pbluti
783 694 993 775 estis,sed
1009 693 1155 760 seucti-

173 795 302 861 l'lceti
335 795 448 860 estis.
474 795 499 880 ¹)
550 791 640 874 Quis
671 794 826 860 nimirum
855 792 933 858 illos
963 793 1159 860 emendatior

173 893 245 961 vssito
266 893 470 974 sanctificat,
504 915 586 980 quos
607 915 669 980 per
689 893 925 980 poenitentiam
953 891 1095 958 abluens
1116 889 1156 956 el·

173 993 274 1060 flictio
296 991 433 1059 fletuum
454 993 602 1060 mundat.
642 991 732 1058 Hinc
754 991 892 1076 Petrus,
914 1013 988 1058 cum
1010 989 1159 1078 quondum

174 1093 306 1158 territos
327 1089 487 1157 melorum
510 1113 641 1157 suorum
662 1090 927 1159 consideratione
947 1093 1157 1179 conspiceret,

174 1189 349 1258 admonuit
370 1191 500 1256 dicens:
531 1190 850 1258 Poenitenticm
877 1193 1010 1277 agite,
1035 1201 1078 1255 et
1102 1189 1156 1254 bs·

173 1291 368 1378 ptinetur
390 1291 691 1376 unusquisque
719 1289 966 1376 vest1·um.²)
1008 1290 1158 1356 Dicturus

173 1390 261 1456 euim
289 1388 466 1476 baptisma,
492 1392 666 1476 praemisit
693 1391 919 1477 poenitentiae
945 1391 1109 1470 lamente3
1127 1393 1159 1450 ut

172 1489 267 1575 prius
289 1511 324 1553 se
346 1510 436 1575 equa
459 1511 539 1555 sune
562 1490 754 1557 afflictionis
775 1489 1010 1573 infunderent,
1032 1492 1157 1574 etpost·

171 1585 305 1654 modum
335 1597 543 1655 sacramento
567 1590 776 1676 bsptismatis
799 1590 961 1656 levarent
1006 1585 1084 1666 Qus
1103 1585 1158 1669 igi·

171 1697 228 1754 tur
247 1698 379 1770 mente,
404 1690 462 1774 qui
482 1700 670 1756 transactas
687 1689 805 1777 culpes
817 1688 897 1755 flere
909 1686 1096 1772 negligunt,
1116 1684 1157 1750 vi·

172 1796 257 1854 runt
279 1788 388 1854 securi
409 1787 450 1852 de
473 1791 589 1873 venia,
623 1791 757 1878 quondo
785 1792 857 1877 ipse
884 1809 1030 1853 summus
1052 1787 1159 1853 Pastor

174 1886 347 1953 Ecclesiae
369 1887 448 1954 huic
480 1889 578 1955 etiem
601 1887 817 1956 Sacramento
849 1885 1034 1953 addendam
1051 1885 1157 1967 poeni·

173 1985 311 2052 tentiam
344 1987 502 2070 credidit,
540 1989 629 2076 quod
663 1997 804 2074 peccata
848 1985 1081 2074 principaliter
1107 2003 1155 2048 ex·

173 2085 322 2171 tinguit?

487 2203 685 2269 CAPUT
717 2203 849 2268 XXXI.

174 2338 350 2405 Quomodo
374 2339 597 2405 admonendi,
633 2341 694 2410 qui
720 2340 885 2405 illicita,
913 2355 1057 2411 quorum
1090 2338 1158 2389 suut

209 2425 362 2490 conscii,
381 2423 536 2491 laudant,
555 2431 587 2477 et
611 2427 671 2493 qui
689 2426 979 2490 condemnantes,
997 2423 1129 2476 minime

536 2517 645 2564 temen
670 2515 802 2564 cavent.

235 2627 341 2694 Aliter
364 2627 562 2694 admonendi
589 2638 684 2707 sunt,
710 2629 766 2713 qui
789 2625 912 2691 illicite
942 2625 1156 2712 quaefaciuut

173 2729 271 2792 etiem
292 2725 446 2810 laudant3
469 2739 571 2814 atque
589 2725 700 2808 aliter,
725 2728 783 2814 qui
796 2737 956 2793 accusant
969 2749 1085 2813 prava,
1105 2727 1156 2786 nee'

171 2837 284 2894 temen
306 2827 466 2892 devitent.
510 2825 722 2893 Admonendi
743 2835 821 2892 sunt
842 2827 947 2903 enim,
972 2827 1030 2914 qui
1049 2819 1155 2889 illicita

172 2949 260 3017 quae
281 2925 411 2992 faciunt
444 2927 546 2991 etiam
566 2925 723 3008 laudent,
760 2938 797 2991 ut
819 2923 1047 3008 considerent,
1080 2916 1155 3011 quod

170 3025 368 3117 plerumque
390 3023 466 3112 plus
487 3046 544 3090 ore
568 3047 668 3113 quam
686 3048 785 3112 opere
802 3022 1010 3112 delinquont.
1056 3023 1155 3110 Opere

171 3147 315 3213 nemque
338 3148 398 3212 per
421 3127 617 3213 semetipsos
640 3123 726 3191 solos
750 3123 858 3212 prave
882 3136 1090 3214 perpetrent3
1110 3139 1156 3188 ort

171 3235 283 3292 eutem
304 3246 365 3312 per
385 3235 433 3289 tot
455 3247 617 3311 personas
639 3225 850 3312 iniquitatem
879 3223 1054 3308 exhibent,
1089 3226 1158 3310 quot

170 3323 374 3390 audientium
398 3335 526 3390 mentes
547 3327 665 3412 iniquo
687 3323 866 3390 laudantes
885 3321 1014 3390 docent.
1043 3323 1154 3389 Admo·

169 3422 272 3490 nendi
294 3445 373 3508 ergo
397 3435 485 3512 sunt,
513 3435 551 3492 ut
582 3425 610 3488 si
631 3422 802 3516 eradicare
831 3421 921 3489 mele
943 3421 1153 3497 dissimulent,

169 3521 288 3589 saltem
310 3524 474 3592 seminare
495 3525 739 3612 pertimescent.
781 3518 992 3591 Admonendi
1010 3533 1103 3606 sunt,
1124 3522 1157 3582 ul

198 3697 222 3768 ¹)
240 3701 264 3755 1.
285 3699 343 3756 cor.
361 3699 387 3771 e,
405 3703 446 3757 tt.
467 3727 497 3742 --
516 3699 541 3770 ⁵)
560 3703 616 3756 se.
635 3704 662 3772 s,
681 3697 723 3758 ee.
929 3709 948 3745 x
