2462 4220
535 244 759 316 ..ἥδη-

207 415 256 481 lot
291 412 359 480 Sed
387 422 469 482 tunc
500 435 580 482 rere
611 411 686 480 eliis
715 422 809 480 reon
838 411 1088 496 praedicamus,
1118 416 1146 484 si

143 500 233 566 dicte
251 495 579 577 rebusostendimus‚
603 497 631 564 si
649 497 783 576 nosipsi
798 493 914 560 divino
927 518 1040 561 amore
1057 521 1145 564 com·

142 581 338 670 pungimur,
363 587 396 642 et
417 577 586 644 humanae
607 579 710 655 ritae,
734 599 821 662 quae
836 579 909 642 sine
930 578 1031 664 eulpa
1052 593 1146 646 tran·

143 665 211 730 sire
232 680 449 745 nequaquem
470 670 592 746 potest,
617 660 832 742 quotidianus
853 660 1009 746 lucrymis
1031 685 1144 728 macu-

141 743 195 812 las
217 745 383 810 lavamus.
431 742 527 808 Tunc
553 753 666 810 autem
688 742 730 808 de
760 741 857 808 nobis
881 765 960 808 vere
986 767 1145 832 compun-

141 829 264 914 gimur,
288 827 317 892 si
340 823 487 890 studiose
508 835 641 910 patrum
656 825 929 972 praecedentium
951 825 1042 895 foeta
1064 849 1145 913 pen·

142 931 275 990 samus,
308 916 347 972 ut
369 928 412 970 cx
435 917 616 993 conspecta
644 906 774 972 ilorum
796 907 921 991 glorie,
956 910 992 978 in
1021 911 1146 976 nostris

98 1023 107 1036 ·
140 991 240 1058 uobis
261 988 367 1056 oculis
390 999 504 1056 nostra
527 987 792 1054 vitasordescst.
836 989 933 1056 Tunc
955 1013 1036 1056 vere
1058 1014 1144 1060 oom-

128 1075 335 1162 pungimur,
360 1093 433 1138 eum
456 1081 639 1157 praecepta
661 1071 797 1137 Domini
821 1071 967 1138 studiose
990 1094 1146 1158 perscru-

141 1169 270 1236 tamur,
293 1165 327 1220 et
349 1176 410 1241 per
431 1153 517 1218 haec
537 1155 698 1252 proficere
719 1154 785 1239 ipsi
807 1154 1055 1238 contendimus,
1110 1179 1146 1222 er

143 1259 230 1326 quse
249 1239 322 1324 jam
343 1235 526 1323 profecisse
541 1259 694 1302 novimus
717 1257 801 1318 quos
817 1257 1027 1303 veneramur.
1091 1261 1147 1308 ruc

142 1331 195 1388 est
216 1321 304 1386 enim
328 1318 416 1406 quod
445 1319 487 1384 de
510 1319 627 1406 Moyse
649 1321 718 1393 scri.
741 1329 809 1384 tum
839 1331 902 1386 est:
932 1320 1084 1388 Posuit
1105 1331 1145 1387 et

142 1402 306 1468 labrum
337 1423 509 1466 aeneum
539 1403 581 1466 in
611 1424 691 1488 quo
716 1342 977 1469 lavarentur
997 1405 1146 1472 Aaron

120 1496 183 1550 ¹et
203 1485 293 1549 filii
315 1484 430 1570 ejus,
460 1505 546 1550 cum
573 1483 905 1566 ingrederentur
934 1487 974 1550 in
998 1497 1145 1554 sancta

143 1567 418 1646 Sanctorum,
449 1566 559 1652 quod
588 1565 693 1632 fecit
715 1566 763 1632 de
787 1566 976 1652 speculis
998 1569 1144 1634 mulie·

141 1673 229 1716 rum
288 1669 363 1713 use
393 1647 674 1714 excubabant
707 1651 749 1716 in
786 1651 899 1714 ostio
933 1650 1144 1716 taberna·

141 1671 288 1820 sulib
331 1731 483 1797 Labrum
506 1731 631 1816 quipe
663 1751 805 1799 censum
828 1731 963 1818 Moyses
984 1735 1091 1820 ponit,
1111 1737 1146 1802 iu

143 1839 210 1902 quo
233 1811 425 1880 secerdotes
445 1811 556 1878 levari
599 1815 733 1896 obeant,
757 1823 791 1878 et
812 1825 929 1880 sancta
948 1813 1146 1882 Sanctorum

141 1897 287 1982 ingredi:
307 1896 388 1980 quia
410 1894 468 1960 lex
485 1895 551 1960 Dei
573 1897 667 1978 prius
691 1919 751 1962 nos
770 1895 881 1962 lavari
903 1917 963 1996 per
985 1919 1146 1984 compun-

50 1987 52 1995 '
142 1983 286 2046 ctionem
316 1979 500 2064 praecipit,
530 1987 569 2044 ut
589 1989 705 2044 nostra
731 1977 948 2046 immunditia·
970 1977 1015 2044 ad
1046 2003 1146 2064 pene·

140 2061 298 2129 trandum
321 2070 524 2126 secretorum
535 2059 601 2124 Dei
622 2061 819 2126 munditiam
839 2085 908 2128 non
929 2065 973 2129 sit
993 2061 1144 2148 indigna

143 2145 244 2226 Quod
262 2144 348 2210 bene
368 2141 497 2208 labrum
521 2141 564 2206 de
578 2143 726 2228 speculis
746 2143 923 2210 mulierum
945 2144 1104 2232 perhibet
1117 2145 1145 2229 ²)

140 2229 278 2308 fectum,
302 2246 391 2312 quae
413 2222 457 2291 ad
472 2223 685 2292 tabernaculi
695 2225 817 2292 ostium
831 2227 1064 2296 indesinenter
1088 2251 1145 2294 ex·

140 2308 324 2376 cubabant.
368 2305 515 2393 Speculo
533 2307 658 2394 quippe
674 2307 850 2376 mulierum
861 2321 942 2378 suut
961 2322 1145 2396 praecepte

140 2393 220 2474 Dei,
244 2392 280 2457 in
295 2389 418 2477 quibus
432 2411 467 2454 se
481 2397 618 2456 sanctos
631 2392 764 2456 animae
775 2411 905 2478 semper
927 2415 965 2458 as
990 2392 1110 2474 iniunt,
1118 2391 1145 2477 ³)

141 2475 228 2540 etsi
251 2472 393 2560 quaein
416 2473 463 2536 eis
486 2482 565 2538 sunt
582 2471 755 2538 foeditatis
771 2473 935 2557 maculae,
958 2413 1145 2560 deprehen-

141 2557 235 2624 dunt
279 2555 531 2640 cogitationum
560 2555 644 2620 vitis
673 2557 844 2640 corrigunt
872 2568 906 2624 et
934 2559 1034 2642 qussi
1054 2559 1146 2624 reni·

140 2637 291 2723 tentesi)
315 2636 430 2704 vultus
453 2637 745 2702 velutexreddits
759 2639 906 2724 imagine
928 2651 1145 2726 componunt:

140 2723 224 2810 quia
247 2721 324 2787 dum
352 2719 542 2805 praeceptis
570 2719 756 2788 Dominicis
786 2721 925 2788 solerter
954 2722 1145 2806 intendunt,

141 2804 248 2871 ineis
270 2801 386 2888 procul
408 2799 510 2867 dubio
527 2801 581 2870 vel
603 2804 682 2887 quid
707 2805 743 2868 in
765 2827 800 2870 se
813 2805 953 2870 caelesti
974 2807 1048 2874 viro
1070 2806 1145 2893 pls·

86 2943 92 2954 .
140 2895 228 2968 cest,
249 2883 303 2950 vel
327 2886 408 2970 quid
420 2882 596 2972 displiceat
618 2897 817 2969 agnoscunt.
837 2885 864 2968 5)
908 2887 1005 2968 Quae
1028 2911 1145 2974 quam·

141 2971 200 3036 diu
221 2965 335 3033 inhsc
351 2969 523 3048 vitasunt,
547 2977 719 3035 aeternum
736 2967 991 3036 tabernaculum
1012 2971 1148 3055 ingredi

139 3071 355 3140 nequequam
378 3059 527 3136 possunt.
572 3049 638 3114 Sed
669 3059 783 3118 temen
811 3051 854 3116 ad
883 3055 1002 3118 ostium
1031 3053 1145 3120 taber·

137 3135 257 3202 asculi
267 3133 425 3198 mulieres
442 3132 630 3200 excubant:
653 3135 733 3218 quis
749 3144 886 3200 sanctae
898 3137 1029 3202 enimse
1043 3137 1147 3202 etism

139 3239 220 3284 cum
239 3216 432 3284 infirmitate
454 3214 565 3301 adhuc
592 3217 702 3283 carnis
722 3226 928 3301 gravantur,
958 3240 1071 3284 amore
1094 3230 1146 3284 ts·

135 3323 218 3366 men
240 3299 398 3366 contiuuo
417 3298 606 3381 ingressum
631 3301 761 3370 aeterni
782 3301 938 3366 introitus
951 3299 1145 3369 observant

141 3383 279 3470 Moyses
301 3386 381 3463 ergo
407 3378 539 3444 labrum
575 3381 808 3448 sacerdotibus
837 3382 878 3448 de
908 3383 1052 3468 speculis
1072 3407 1144 3450 mu·

140 3463 260 3532 lierum
281 3462 373 3528 iecit:
402 3461 482 3547 quia
508 3461 562 3527 lex
584 3461 651 3528 Dei
673 3462 845 3530 lavacrum
867 3469 1143 3552 cumpunctionis,

171 3637 195 3704 ¹)
212 3637 295 3690 Exod.
317 3634 360 3696 38.
378 3636 404 3690 8.
421 3665 456 3680 ··-
474 3639 494 3702 ²)
512 3638 579 3696 Alit.
596 3637 753 3707 perhibetur.
764 3667 798 3678 -··
816 3637 839 3704 ³)
858 3641 922 3698 Alit
938 3641 1093 3711 inspiciunt.
1111 3673 1144 3682 -

201 3703 231 3769 st)
250 3705 316 3760 Alit.
333 3705 502 3772 poenitentes.
520 3737 554 3750 ·-
574 3705 593 3772 Ψ)
612 3708 677 3764 Alit.
696 3711 865 3778 cognoscunt.
