2468 4218
445 216 647 282 -9·ι-

50 383 264 472 praedicante
286 385 505 464 succurritur,
529 386 556 448 si
579 405 666 469 quae
690 387 732 450 sit
754 384 854 472 hujus
875 393 1041 470 permulc-

49 487 149 548 tionis
170 503 292 562 causa,
328 482 504 568 pandatur.
548 482 697 548 Callidus
716 506 860 572 namque
883 482 1041 550 adversa·

48 585 115 649 rius
139 582 266 649 bellum
288 591 405 648 eontra
425 581 507 647 duos
530 592 656 664 movet,
690 607 792 649 unum
815 581 969 650 videlicet
990 583 1040 650 in-

49 684 241 762 flammans,
279 692 314 747 ut
345 681 562 748 contumelias
593 682 685 769 prior
716 681 862 765 inferat,
900 681 1040 748 alterum

48 803 249 867 provocans,
281 793 319 848 ut
341 781 557 847 contumelias
578 781 690 847 laesus
706 781 840 848 ,reddat
883 781 950 848 Sed
968 779 1040 869 ple·

48 903 187 968 rumque
208 881 285 946 dum
306 881 407 969 hujus
423 883 496 968 jam
517 882 622 946 victor
638 891 698 963 est,
723 881 1041 969 quiinjuriampera

49 1005 170 1048 suasus
195 983 336 1066 irrogat,
365 983 408 1047 ab
438 981 496 1048 illo
526 982 689 1063 vincitur,
725 982 783 1068 qui
817 977 946 1045 illatam
977 977 1042 1047 sibi

49 1083 292 1167 aequanimiter
313 1091 433 1169 portat.
468 1075 577 1149 Unius
600 1103 679 1166 ergo
701 1081 816 1162 victor,
841 1101 937 1168 quem
954 1101 1039 1145 com·

47 1180 208 1246 movendo
230 1181 441 1266 subjugavit,
464 1190 534 1246 tota
557 1191 673 1246 contra
694 1180 838 1247 alterum
862 1181 982 1244 virtute
1004 1199 1041 1245 se

48 1280 161 1365 erigit,
186 1301 326 1367 eumque
348 1279 559 1346 obsistentem
580 1280 711 1347 fortiter
733 1289 767 1344 et
785 1281 971 1370 vincentem
984 1275 1040 1344 dc·

46 1378 106 1462 let;
146 1401 242 1466 quem
273 1379 352 1465 quia
379 1401 580 1444 commovere
611 1381 645 1445 in
670 1381 745 1468 ipsa
767 1376 1042 1446 contumeliarum

42 1479 249 1564 jaculatione
274 1501 340 1544 non
361 1481 487 1570 potuit,
510 1475 553 1542 ab
576 1489 692 1565 aperto
715 1480 894 1547 certamine
910 1476 1062 1542 interim

47 1579 224 1663 quiescens
258 1589 291 1642 et
321 1589 451 1645 secreta
482 1581 697 1665 suggestione
727 1578 961 1666 cogitationem
992 1573 1041 1642 la·

47 1698 183 1744 cessans
213 1687 326 1763 aptum
355 1678 560 1766 deceptionis
588 1689 718 1766 tempus
751 1677 900 1765 inquirit.
952 1673 1042 1756 Quia

47 1778 130 1840 enim
153 1774 291 1860 publico
318 1775 407 1842 bello
437 1775 583 1866 perdidit
603 1777 646 1864 ¹),
680 1777 723 1842 ad
752 1775 959 1844 exercendas
987 1798 1040 1842 oc·

47 1876 135 1940 culte
158 1875 297 1952 insidias
320 1875 516 1942 exardescit.
561 1877 693 1958 Quietis
717 1891 868 1964 'namque
891 1885 1040 1963 tempore

41 1977 110 2060 jam
134 1969 177 2038 ad
200 1975 332 2042 victoris
355 1978 501 2041 animum
523 1976 626 2059 redit,
650 1985 682 2040 et
700 1975 752 2040 vel
776 1997 886 2042 rerum
907 1973 1040 2064 damna,

46 2088 103 2140 aut
112 2075 309 2160 injuriarum
315 2075 432 2162 jacula
444 2074 486 2139 ad
495 2075 681 2139 memoriam
694 2073 833 2156 reducit,
850 2082 1039 2159 cunctaque

46 2198 132 2260 quae
157 2172 220 2238 sibi
243 2174 338 2240 illata
359 2185 447 2256 sunt,
475 2173 689 2240 veliementer
711 2194 932 2258 exaggerans,
955 2171 1038 2238 into·

44 2271 199 2338 larabilia
223 2273 378 2339 ostendit:
400 2283 559 2358 tantoque
582 2283 723 2336 mentem
744 2294 895 2338 moerore
909 2281 1040 2336 contur-

43 2371 118 2452 bat,
155 2387 192 2438 ut
214 2372 410 2460 plerumque
433 2374 484 2438 vir
507 2375 638 2461 patiens
659 2371 718 2436 illa
741 2394 775 2438 se
798 2369 1041 2458 aequanimiter

42 2473 206 2536 tolerasse
238 2483 313 2557 post
335 2474 507 2538 victoriam
535 2475 693 2562 ,captivus
716 2471 908 2555 erubescat,
936 2491 1038 2555 seque

43 2595 108 2636 non
139 2569 324 2636 reddidisse
354 2573 568 2637 contumelias
592 2570 711 2654 doleat,
735 2581 768 2638 ct
797 2569 960 2660 deteriora
987 2591 1037 2632 re-

43 2669 206 2754 pendere,
242 2672 269 2735 si
296 2673 425 2736 occasio
457 2669 678 2757 praebeatur,
713 2679 862 2757 quaerat.
906 2666 1038 2746 Quibus

44 2793 122 2854 ergo
146 2770 202 2834 isti
225 2779 303 2835 sunt
325 2770 465 2854 similes,
497 2772 565 2836 nisi
593 2769 664 2852 his,
697 2770 755 2856 qui
780 2791 842 2856 per
870 2765 1037 2832 fortitudi-

42 2893 117 2934 nem
142 2870 176 2934 in
199 2891 312 2957 campo
335 2871 476 2934 victores
500 2880 594 2950 sunt,
627 2869 685 2933 sed
707 2890 766 2954 per
794 2865 1037 2952 negligentiam

41 2967 249 3052 postmodum
273 2969 362 3033 intra
383 2967 477 3034 urbis
500 2968 647 3033 claustra
670 2964 873 3052 capiuntur?
904 2964 1037 3046 Quibus

42 3077 121 3132 sunt
146 3066 286 3149 similes,
314 3069 380 3132 nisi
401 3069 460 3150 iis,
493 3090 576 3154 quos
598 3067 731 3132 irruens
756 3069 870 3153 gravis
891 3064 1035 3151 languor

41 3189 61 3230 a
84 3169 158 3232 vita
178 3189 246 3233 non
268 3164 435 3232 subtrahit
445 3215 455 3250 ,
480 3166 538 3230 sed
554 3165 673 3231 leniter
690 3165 830 3232 veniens
848 3161 994 3228 recidiua
1007 3158 1034 3244 ²)

40 3266 146 3331 febris
168 3265 312 3330 occidit?
339 3263 551 3331 Admonendi
573 3276 651 3332 sunt
673 3266 774 3351 igitur
789 3264 974 3351 patientes,
998 3268 1035 3327 ut

57 3507 88 3566 .¹)
106 3505 123 3558 i.
141 3516 164 3555 e.
182 3501 340 3570 clausisti,
357 3501 501 3568 succubuit,
519 3515 536 3552 a
553 3501 685 3568 proposito
703 3497 806 3552 excidit.
841 3495 937 3548 Eadem
955 3507 1034 3548 sensu

58 3621 62 3628 -
108 3588 230 3642 absolute
247 3601 326 3657 saepe
343 3589 392 3642 troc
412 3585 517 3642 verbum
535 3589 676 3654 usurpatur
692 3599 709 3638 a
727 3581 754 3638 S.
772 3579 907 3651 Gregorio.
937 3611 939 3615 ,

63 3675 86 3746 ²)
103 3675 169 3733 Alit.
187 3673 312 3730 rediviva.
758 3713 793 3817 ,ὃ
819 3717 820 3720 ,
882 3713 885 3720 .
