2468 4218
504 263 649 344 *rat
690 299 741 329 ι·

121 455 224 531 quant·
244 439 379 524 Petrus,
414 463 488 507 cum
509 443 649 508 diceret:
679 441 927 510 Ministrate
958 444 1000 507 in
1027 441 1138 508 title*

1218 1790 1229 2273 ί

121 551 269 607 vestra
291 542 511 623 virtutem,
539 543 579 606 in
603 540 771 606 virtute
800 549 954 606 auteur
976 541 1117 606 scien·

121 637 230 725 utem,
251 641 293 705 in
310 640 637 707 seientiaautem
658 636 1014 726 abstinentiarum
1034 657 1116 726 pro·

120 741 211 806 tinus
232 738 416 825 vigilanter
437 739 650 826 adjungeret,
674 737 804 804 diosus:
830 729 879 804 In
899 736 1066 804 abstine
1076 757 1117 802 ne

120 840 180 906 tia
209 850 348 908 autem
376 839 642 927 patientiam
662 835 689 923 ²)
739 836 872 903 Deesse
897 838 1022 924 quippe
1050 835 1118 901 ab·

121 937 321 1006 uticentibus
350 937 548 1025 patientiam
576 933 756 1022 praevidit,
792 957 879 1022 quae
912 937 963 1003 eis
989 945 1028 1002 ut
1054 936 1117 1002 ad·

121 1047 228 1121 esset,
257 1037 438 1105 admonuit
489 1035 634 1100 Rursum
667 1034 732 1099 nisi
761 1037 978 1120 cogitationes
1008 1036 1118 1104 absti-

120 1139 270 1203 nentium
298 1155 538 1221 nonnunquam
568 1134 746 1222 superbiae
768 1134 869 1222 eulpa
888 1137 1118 1222 transfigeret,

120 1235 248 1302 Paulus
285 1237 419 1300 minime
457 1233 617 1300 dixisset:
655 1232 735 1314 Qui
766 1255 847 1300 non
878 1236 1117 1317 manducat,

119 1335 440 1402 manducantem
466 1331 737 1422 nonjudieet.
756 1330 783 1420 ³)
828 1333 896 1414 Qui
918 1355 1048 1400 rursum
1071 1336 1119 1400 ad

119 1435 204 1502 alios
225 1435 383 1520 loquens,
413 1434 491 1498 dum
513 1432 553 1497 de
574 1433 799 1500 abstinentiae
822 1435 945 1499 virtute
966 1432 1118 1518 glorian·

118 1535 201 1600 tium
213 1541 395 1620 praecepta
406 1532 666 1618 perstringeret,
689 1531 857 1618 adjunxit:
878 1532 994 1613 Quae
1016 1544 1119 1598 sunt

118 1635 327 1700 rationem
351 1629 520 1717 quidem
548 1629 753 1696 habentia
784 1632 1039 1720 sapientiae
1070 1633 1119 1697 in

119 1731 431 1819 superstitione
454 1741 492 1795 et
513 1729 769 1812 humilitate,
792 1739 829 1795 et
850 1753 931 1797 non
953 1731 1003 1797 ad
1022 1752 1119 1818 par-

118 1829 290 1894 cendum
320 1831 506 1917 corpori,
541 1851 618 1894 non
646 1831 688 1896 in
710 1829 865 1896 honore
897 1831 1041 1919 aliquo
1063 1831 1119 1896 ad

119 1929 391 1995 saturitatem
424 1928 628 2015 earnis‘t)
685 1929 762 2008 Qua
795 1931 828 1995 in
861 1951 898 1994 re
931 1929 1118 1996 notandum

119 2037 187 2111 est,
222 2027 311 2116 quod
331 2031 364 2094 in
387 2027 611 2116 disputatione
642 2051 702 2094 sua
724 2029 1119 2116 praedicator'egregius

119 2128 347 2216 superstitioni
374 2127 569 2194 humilitatis
597 2129 741 2214 speciem
766 2130 896 2216 juugit3
932 2133 1011 2214 quia
1033 2128 1119 2194 dum

118 2227 212 2317 plus,
237 2249 336 2313 quam
358 2247 493 2292 neeesse
515 2237 576 2310 est,
598 2249 658 2314 per
680 2228 913 2294 abstinentiam
936 2251 1014 2295 earo
1028 2238 1118 2294 atte-

116 2329 218 2406 ritur,
252 2325 422 2392 humilitas
450 2326 532 2394 foris
553 2329 760 2409 ostenditur,
794 2327 852 2393 sed
881 2327 922 2394 de
952 2329 1015 2394 hae
1035 2329 1118 2415 ipsa

116 2426 304 2493 bumilitate
326 2427 472 2511 graviter
494 2427 635 2493 interius
657 2427 858 2516 superbitur.
902 2430 946 2494 Et
966 2429 1032 2494 nisi
1049 2427 1117 2493 ali-

116 2526 250 2614 quando
272 2548 364 2590 mens
381 2546 424 2589 ex
444 2524 668 2592 abstinentiae
683 2529 806 2594 virtute
821 2537 1029 2610 tumesceret,
1051 2549 1115 2594 ne·

119 2649 288 2714 quaquam
310 2624 397 2690 hanc
418 2623 512 2690 velut
532 2627 621 2691 inter
635 2647 759 2712 magna
774 2628 894 2692 merita
905 2625 1128 2694 Pharisaeus·

116 2745 280 2809 arrogans
303 2723 448 2791 studiose
470 2736 676 2808 numeraret,
703 2727 833 2792 dicens:
863 2726 1020 2816 Jejuno
1047 2725 1117 2792 bis

117 2825 160 2887 in
192 2820 385 2888 sabbato.
405 2819 431 2911 ὁ)
474 2823 684 2891 Admonendi
712 2845 792 2910 ergo
822 2835 900 2891 sunt
929 2825 1030 2912 gulae
1054 2825 1115 2891 de-

115 2923 196 3004 diti,
220 2943 262 2987 ne
285 2921 321 2986 in
344 2945 399 3004 eo,
425 2924 512 3010 quod
535 2945 685 2991 escarum
708 2925 922 2992 delectationi
941 2924 1116 3010 incubant,

115 3022 270 3100 luxuriae
293 3043 328 3086 se
350 3045 504 3090 mucrone
526 3026 742 3109 transfigant,
765 3033 797 3089 et
820 3033 947 3110 quanta
969 3023 1036 3089 sibi
1051 3045 1117 3110 per

88 3121 101 3202 l
115 3142 210 3188 esum
240 3121 445 3208 loquacitas,
476 3133 603 3209 quanta
630 3125 749 3189 mentis
776 3123 897 3190 levitas
924 3123 1114 3206 insidietur,

116 3224 297 3309 aspiciant,
321 3220 444 3287 nedum
465 3222 575 3286 ventri
595 3222 742 3288 molliter
761 3225 931 3306 serviunt,
947 3225 1115 3290 sitiemus

116 3320 248 3408 laqueis
276 3321 453 3388 crudeliter
482 3321 743 3408 adstringantur.
795 3323 904 3389 Tanto
933 3325 1021 3390 enim
1041 3321 1115 3391 lon-

115 3423 193 3506 gius
216 3445 236 3486 a
259 3422 403 3486 secundo
429 3429 570 3510 parente
600 3420 783 3504 receditur,
823 3433 949 3510 quanto
969 3445 1029 3508 per
1050 3425 1115 3490 im·

118 3580 406 3590 muana-ou

153 3635 1115 3732 =weuua-uauuue-uuuuaru

180 3739 681 3816 umen-moue
