2468 4218
569 231 795 302 *libr

187 397 264 470 citis
292 394 413 478 debet,
445 395 526 484 quia
554 394 632 462 dum
662 394 827 485 quaedem
856 397 938 462 vitia
966 396 1099 462 incante
1130 389 1176 458 iu:

185 498 303 582 giam,
326 495 457 562 occulte
480 495 698 566 deterioribus
719 494 939 583 implicantur.
983 493 1067 560 Nam
1079 511 1177 577 saepe

187 594 339 682 linguam
361 595 440 682 quia
469 595 716 662 immoderatius
735 593 889 678 frenent,
922 590 1085 659 in·corde
1106 611 1176 676 gra

187 697 263 762 vius
285 691 533 779 multiloquium
561 693 721 775 toleraut;
746 706 784 760 ut
806 717 845 762 eo
867 693 942 781 plus
964 692 1177 778 cogitationes

187 796 224 860 in
244 803 353 858 mente
375 793 548 871 ferveant,
578 793 754 878 quo·illas
782 791 932 858 violenta
960 789 1111 857 custodia
1133 789 1176 854 in·

185 892 325 958 discreti
361 891 485 958 silentii
516 902 685 975 angustat.
736 890 832 972 Quae
861 891 1059 978 plerumque
1086 898 1176 954 tauto

187 989 290 1057 latius
312 989 486 1072 diffluunt,
514 998 639 1078 quanto
662 1012 697 1054 se
720 1013 794 1056 esse
816 993 966 1058 securius
992 989 1177 1068 aestimant,

186 1092 267 1176 quia
294 1091 377 1156 foris
405 1113 426 1154 a
453 1087 751 1176 reprehensoribus
777 1112 845 1156 non
873 1090 1040 1156 ridentur.
1081 1085 1176 1153 Unde

186 1211 425 1273 nonnunquam
447 1210 539 1254 mens
560 1189 595 1254 in
619 1187 808 1272 superbiam
831 1189 1016 1271 extollitur,
1044 1199 1076 1252 et
1100 1209 1177 1272 quos

185 1289 361 1376 loquentes
391 1287 500 1369 audit,
533 1287 631 1374 quasi
662 1288 808 1354 infirmos
837 1289 999 1375 despicit,
1032 1287 1177 1372 Cumque
1222 1293 1223 1302 ’

184 1411 223 1454 os
245 1388 392 1469 corporis
414 1385 557 1467 claudit,
592 1396 753 1470 quantum
783 1411 817 1454 se
840 1389 930 1454 vitiis
960 1385 1177 1470 superbiendo

187 1487 336 1573 aperiat,
379 1507 445 1548 non
477 1485 638 1567 agnoscit.
687 1485 854 1570 Linguam
892 1490 1012 1554 etenim
1046 1488 1176 1572 premit,
1222 1571 1223 1574 Ἴ

186 1594 329 1650 mentem
352 1583 476 1666 elevat,
498 1595 531 1651 et
552 1606 625 1648 cum
648 1607 741 1650 suam
761 1589 947 1673 nequitiam
959 1587 1091 1652 minime
1106 1605 1177 1650 con·
1222 1595 1223 1676 q

187 1683 327 1764 siderat,
358 1693 450 1748 tanto
472 1679 563 1768 apud
584 1704 620 1746 se
642 1696 778 1750 cunctos
799 1685 959 1766 liberius,
996 1698 1126 1772 quanto
1150 1692 1177 1746 et

185 1784 364 1863 secretius,
389 1791 532 1846 accusat.
569 1781 777 1849 Admoneudi
801 1797 879 1850 sunt
897 1787 1000 1870 igitqr
1017 1785 1118 1850 nimis
1133 1795 1177 1848 ta-

183 1883 257 1961 citi,
291 1891 328 1944 ut
358 1880 440 1944 scire
469 1878 604 1944 sollicite
635 1881 810 1965 studeant,
844 1907 912 1950 non
942 1883 1042 1950 solum
1066 1882 1178 1967 quales

181 1980 262 2046 foris
284 1977 475 2060 ostendere,
507 1978 565 2042 sed
593 1982 695 2044 etiam
719 1981 837 2067 quales
869 2005 904 2049 se
927 1981 1069 2046 debeant
1091 1982 1178 2046 intus

183 2077 359 2161 exhibere,
392 2077 528 2164 utplus
552 2080 874 2164 excogitationibus
905 2079 1068 2146 occultum
1085 2080 1176 2166 judi-

185 2181 269 2246 cium
279 2229 289 2260 ,
314 2200 414 2264 qnam
437 2200 480 2240 ex
496 2179 704 2245 sermonibus
721 2180 1014 2266 reprehensionem
1030 2188 1178 2246 metuant

183 2279 420 2366 proximorum.
465 2275 632 2364 Scriptum
654 2301 799 2365 namque
822 2289 889 2346 est:
922 2267 1096 2358 rilint,
1128 2287 1177 2342 at·
1221 2293 1222 2326 1

182 2377 304 2446 tende
348 2374 608 2458 sapientiam
647 2400 791 2460 meam,
839 2389 878 2442 st
912 2377 1178 2466 prudentiae
1221 2363 1222 2410 1

182 2498 295 2542 meae
317 2474 476 2541 inclina
499 2497 640 2540 aurem
661 2489 788 2558 tuam,
812 2488 855 2543 ut
876 2476 1098 2544 custodias
1123 2498 1177 2540 eo·

183 2577 431 2660 gitationes.
460 2575 484 2663 ¹)
528 2575 583 2638 Nil
605 2577 729 2662 quippe
752 2577 788 2640 in
809 2577 906 2642 nobis
931 2587 983 2641 est
1006 2573 1108 2640 corde
1131 2575 1177 2638 fu-

184 2678 312 2759 gacius,
337 2673 425 2761 quod
447 2696 468 2738 a
490 2674 587 2741 nobis
606 2676 703 2738 toties
719 2674 856 2758 recedit,
880 2679 1009 2762 quoties
1025 2696 1083 2758 per
1105 2696 1177 2762 pra·

183 2793 245 2838 vas
268 2775 483 2858 cogitationes
505 2773 629 2838 defluit.
671 2773 758 2840 Hinc
780 2779 899 2841 etenim
923 2776 1099 2862 psalmista
1123 2777 1178 2841 ait:

183 2869 261 2938 Cor
290 2896 419 2938 meum
448 2873 688 2958 dereliquit
719 2897 785 2939 me.
810 2871 836 2960 2)
880 2875 968 2941 Hinc
997 2875 1040 2938 ad
1062 2885 1177 2937 semet·

183 2973 292 3058 ipsum
315 2973 465 3055 rediens,
498 2973 564 3055 ait;
598 2973 783 3040 Invenit
812 2967 956 3041 servus
985 2969 1081 3040 tuus
1115 2996 1178 3039 cor
1220 2987 1221 3020 l

182 3095 314 3155 suum,
347 3082 392 3138 nt
422 3083 562 3138 oraret
584 3083 632 3138 te.
658 3071 684 3160 3)
729 3074 813 3141 Cum
834 3096 914 3158 ergo
937 3073 1095 3159 cogitatio
1121 3093 1178 3158 per

182 3173 367 3240 custodiam
389 3173 622 3255 restringitur,
645 3195 720 3254 cor,
743 3172 832 3260 quod
854 3174 971 3258 fugere
993 3176 1176 3250 consuevit,

181 3271 362 3336 iuvenitur.

246 3369 448 3456 Plerumque
471 3377 581 3435 autem
602 3371 700 3435 nimis
726 3372 821 3437 taciti
843 3389 914 3435 cum
946 3369 1107 3436 nonnulle
1132 3373 1176 3433 in·

177 3469 274 3556 justa
295 3467 487 3554 patiuntur,
520 3489 558 3533 eo
583 3469 617 3534 in
647 3471 806 3536 acriorem
835 3469 982 3536 dolorem
1004 3468 1177 3556 prodeunt,

185 3624 470 3643 ..ῆι-Ἣ...-
1219 3629 1220 3690 p

180 3753 184 3759 ,
217 3693 240 3759 ·)
260 3695 335 3748 reo.
353 3695 376 3761 e,
395 3697 418 3751 1.
438 3723 469 3736 -
498 3695 517 3761 ¹)
536 3699 581 3750 rs.
599 3697 640 3763 39,
662 3697 701 3750 13.
723 3724 754 3736 -
783 3697 808 3764 ¹)
823 3697 977 3768 eruam,
991 3697 1035 3752 27.

1218 4115 1219 4144 l

1217 4149 1219 4179 l
