2486 4222
571 250 727 316 -XII
770 289 807 300 -

1129 421 1195 488 Peg.

197 508 260 576 Gap.
279 508 328 560 IX.
365 505 438 576 Quod
466 521 537 558 meus
564 520 686 573 praeesse
711 506 850 558 volentium
877 506 1030 574 plerumque
1056 506 1106 558 sibi

249 609 309 663 tiota
326 609 450 661 bonorum
469 623 573 676 operum
591 607 764 677 promissione
780 608 908 661 blanditur
943 646 950 661 .
1020 651 1027 664 .
1098 647 1105 662 .

198 714 263 782 Gap.
281 715 316 766 X.
352 713 446 783 Qualis
465 713 576 780 quisque
594 713 625 764 ad
645 712 761 780 regimen
780 713 867 764 venire
885 713 976 766 debeat
1021 753 1027 764 .

198 816 262 884 Gap.
280 816 330 869 XI.
358 815 460 884 'Qualis
479 815 590 882 quisque
607 815 641 867 ed
658 815 774 881 regimen
797 814 886 866 venire
904 830 956 867 non
974 815 1064 868 debeat
1099 854 1107 871 .
1162 817 1196 869 23

413 998 564 1068 capte·
588 998 802 1054 secundae
826 999 979 1069 partia
1218 941 1219 1010 l

195 1138 263 1205 Cep.
280 1137 302 1188 I
338 1137 367 1190 Is
385 1135 428 1206 qui
446 1137 480 1188 od
503 1136 619 1203 regimen
643 1137 759 1190 ordinata
774 1137 934 1213 pervenerit
959 1137 1061 1203 qualern
1080 1153 1109 1192 se

249 1241 277 1292 iu
296 1240 354 1308 ipso
371 1240 498 1308 regimine
516 1239 606 1292 debeat
624 1235 746 1292 exhibere
788 1277 1106 1298 .....
1162 1242 1195 1294 28

195 1343 263 1412 tlep
281 1343 317 1394 ll.
355 1343 488 1394 Utrector
513 1342 668 1408 cogitatione
693 1343 727 1394 sit
749 1344 860 1395 muudus
947 1381 953 1395 .
1025 1385 1030 1396 .
1102 1383 1108 1396 .
1162 1346 1196 1398 28

194 1447 262 1513 slep.
280 1445 330 1496 ΙΙΙ.
366 1445 400 1496 Ut
417 1449 501 1496 reetor
526 1459 627 1511 semper
649 1445 683 1496 sit
707 1446 855 1512 operatione
873 1448 1030 1514 praecipuus
1102 1486 1109 1500 .
1162 1448 1221 1508 31,

196 1549 261 1616 Cep.
282 1548 327 1599 lV.
364 1548 397 1598 Ut
433 1547 467 1598 sit
503 1554 585 1600 rector
613 1549 739 1600 discretus
771 1549 798 1599 in
826 1547 946 1614 silentio,
983 1549 1056 1601 utilis
1082 1549 1110 1602 in
1160 1530 1163 1536 ¹

400 1687 1108 1708 ..........
1162 1652 1196 1706 34

196 1752 264 1820 Gap.
283 1755 316 1808 V.
351 1754 384 1804 Ut
402 1752 437 1804 sit
453 1759 536 1806 rector
553 1753 669 1820 singulis
687 1754 866 1822 oourpassione
885 1754 1029 1822 proximus,
1047 1770 1110 1824 pree

252 1855 353 1908 cunetis
372 1857 585 1924 contemplatione
603 1869 749 1925 suspensus
792 1895 1110 1912 .....
1164 1859 1197 1913 38

201 1959 265 2029 Cep.
284 1961 331 2014 VI.
367 1961 401 2014 Ut
428 1960 463 2012 sit
493 1965 576 2012 rector
605 1958 669 2012 bene
698 1958 836 2026 egentibus
863 1975 909 2028 por
939 1960 1112 2016 humilitatem

254 2063 360 2129 socius,
387 2065 477 2116 uentre
503 2061 706 2130 delinquentium
731 2063 797 2116 ritis
824 2077 870 2130 per
888 2063 971 2116 zelum
993 2063 1113 2133 justitiae

253 2170 354 2220 erootus
406 2203 412 2216 .
439 2235 442 2242 Ι
483 2202 1113 2224 .........
1165 2165 1198 2218 ll

203 2270 267 2337 cap.
287 2270 349 2326 vn.
385 2269 419 2322 Ut
442 2269 478 2321 sit
505 2273 588 2324 rector
610 2269 769 2324 internorum
792 2285 880 2324 curam
904 2270 932 2322 iu
956 2269 1113 2336 exteriorum
1223 2307 1224 2366 ἢ

257 2372 424 2440 oooupationo
441 2387 494 2424 uon
511 2373 640 2439 minuens,
657 2373 812 2429 exteriorum
826 2372 1015 2440 prouidentiam
1031 2373 1060 2430 iu
1075 2371 1114 2425 iu·
1223 2389 1224 2400 ¹

258 2481 387 2547 ternorum
407 2473 584 2530 sollieitudine
601 2490 654 2528 uon
672 2446 822 2544 relinquens
874 2512 881 2525 .
951 2513 959 2530 .
1028 2515 1035 2529 .
1106 2511 1113 2526 .
1164 2477 1201 2528 50

202 2580 269 2648 (lap.
286 2579 362 2631 v111.
397 2579 435 2631 lte
452 2578 555 2646 plaeere
573 2585 656 2632 reotor
673 2590 722 2629 suo
739 2577 825 2630 studio
835 2577 983 2632 hominibus
999 2581 1111 2647 aupshi,

255 2682 300 2735 sed
318 2686 403 2738 temen
421 2680 455 2736 ad
474 2682 544 2750 qued
567 2680 671 2752 plaeere
694 2678 797 2746 debeat,
823 2680 941 2734 intendet
1027 2719 1035 2738 .
1077 2741 1081 2748 ⁴
1105 2719 1112 2733 .

203 2784 267 2854 Gap.
285 2784 335 2838 Its
371 2785 446 2854 Quod
463 2785 529 2840 seire
547 2771 657 2838 sollieite
674 2787 759 2837 neuter
784 2781 869 2850 debet,-
882 2783 1114 2864 quiolulsrumquo

256 2887 321 2941 vitia
338 2888 445 2941 virtutes
463 2901 492 2941 so
510 2899 567 2940 esse
585 2887 744 2939 mentiuntur
796 2925 802 2938 .
874 2929 880 2942 .
951 2927 958 2941 .
1030 2925 1038 2940 .
1104 2927 1112 2940 .
1164 2887 1200 2941 60

203 2991 269 3062 (lap.
288 2991 324 3051 Χ.
360 2991 433 3062 Quae
448 3003 510 3045 osse
535 2989 609 3046 debet
629 2991 738 3046 rectoria
755 2989 877 3047 discretio
900 2991 1070 3060 correptionis
1087 2995 1113 3049 et
1147 3029 1150 3038 ι

259 3095 491 3160 dissimulationis,
507 3093 620 3149 ferroris
636 3099 663 3150 ot
679 3094 889 3164 mensuetudinis
950 3133 958 3146 .
1028 3133 1034 3148 .
1105 3132 1112 3146 .

201 3201 269 3270 Gap.
288 3201 338 3270 lli.
372 3199 502 3267 Quantum
526 3202 609 3253 rector
626 3212 717 3252 suorae
739 3198 810 3266 legia
827 3197 1038 3273 meditationibus
1052 3211 1114 3254 uses

257 3303 348 3362 debeat
364 3303 477 3358 intentus
560 3338 1035 3358 .......
1103 3323 1113 3352 ‘-
1163 3301 1199 3360 68

456 3457 780 3560 (lenitatemue
799 3486 955 3574 pertis.

204 3609 283 3664 Prolo
304 3623 336 3662 us
403 3646 1112 3668 ...........
1166 3611 1198 3662 72

202 3623 310 3783 ssepi.
344 3714 450 3789 Quanta
467 3714 557 3770 debeat
574 3712 821 3770 esredirersituiu
841 3719 896 3770 arte
913 3686 1116 3784 praedieatiouia
1166 3713 1199 3767 75
