2486 4222
507 270 546 286 -
590 235 630 307 ³³
674 272 713 283 —

508 297 546 309 nun
612 310 618 321 ἱ
625 309 630 317 Ι
693 291 695 298 “

106 398 246 488 ehqnio
255 396 588 484 audientiumuqitas
599 397 834 490 oonfundatur.
874 400 966 471 Hine
982 403 1113 502 Panlup

107 499 177 564 ait:
200 496 288 564 Non
309 497 403 586 plus
426 521 591 586 sapere,
614 519 730 584 quam
752 509 924 586 oportet
945 522 1109 588 sapere,

110 597 192 664 aed
214 619 381 684 sapere
413 595 837 685 ad'sobrietatomst)
880 599 969 666 Hine
997 603 1108 670 insa·

110 698 257 766 oerdotis
289 707 382 767 veste
408 699 510 785 juxta
544 696 693 767 divinam
727 720 841 764 vocem
873 697 1109 768 tintinnabulis

110 797 203 866 mala
223 799 348 886 punica
370 799 633 885 conjunguntur.
644 797 671 882 ²)
714 797 914 890 quidemn
936 821 997 888 per
1018 797 1108 866 mala

110 898 238 987 punies
257 897 325 964 nisi
344 897 423 965 fidei
449 898 564 964 unitas
593 899 818 986 designatur?
860 899 947 965 Nam
969 891 1109 976 siout'in

110 996 196 1066 malo
209 999 331 1085 punico
339 1019 405 1062 uno
417 1001 565 1076 euterius
579 999 701 1066 eortioe
711 997 814 1064 multa
836 999 978 1062 interius
999 1019 1109 1084 grana

111 1097 324 1170 muniuntur:
348 1097 396 1162 sio
416 1097 608 1196 innumeros
623 1107 759 1184 sanotae
772 1096 942 1164 Ecclesiae
964 1095 1108 1185 populos

111 1197 226 1265 unitas
240 1195 318 1265 fidei
333 1199 491 1282 contegit,
516 1219 598 1284 quos
612 1199 703 1262 intus
719 1197 901 1282 diversitas
912 1196 1107 1285 meritorum

111 1307 212 1364 tenet.
272 1297 322 1360 Ne
358 1297 461 1380 igitur
494 1308 602 1372 reotor
634 1297 790 1362 incautus
823 1295 866 1361 ad
903 1293 1107 1380 loquendum

109 1406 261 1484 proruat,
283 1395 348 1462 hoo
360 1395 448 1482 quod
465 1399 538 1484 jam
550 1397 795 1484 praemisimus,
817 1418 878 1483 per
895 1393 1107 1478 semetipsam

108 1495 246 1560 Veritas
268 1493 442 1583 discipulis
463 1496 599 1562 clamat:
629 1497 790 1562 Habete
821 1495 949 1562 salin
970 1491 1105 1586 vobis,

108 1606 152 1660 et
173 1617 318 1685 paoem
347 1595 500 1662 habete
529 1597 642 1662 inter
671 1619 752 1660 vos.
771 1595 797 1681 3)
840 1593 891 1661 Ao
913 1595 942 1660 si
962 1592 1105 1677 figurate

107 1717 172 1783 per
192 1693 344 1760 habitum
368 1694 552 1762 sacerdotis
569 1694 673 1762 dieat:
695 1694 923 1782 Malapuniea
945 1682 1106 1760 tintinna?

107 1793 203 1859 bulis
219 1795 375 1880 jungite,
405 1804 443 1860 ut
464 1817 523 1882 per
545 1817 659 1877 omne,
683 1794 773 1881 quod
796 1793 919 1875 dicitis,
942 1778 1106 1859 unitatem

108 1891 190 1958 fidei
212 1903 311 1958 cauta
326 1893 559 1984 observatione
573 1895 726 1958 teneatis.
758 1885 1107 1978 Providendumquo-

109 2015 177 2080 que
205 2004 256 2058 est
283 1993 427 2070 sollicita
460 1994 646 2060 intentione
673 1990 892 2072 Rumoribus,
923 2003 961 2057 ut
992 1990 1108 2056 abeis

108 2117 179 2159 non
202 2092 307 2161 solum
330 2093 552 2178 prava'nullo
574 2092 686 2174 modo,
717 2090 776 2156 sed
797 2114 839 2156 ne
860 2102 953 2156 reeta
976 2088 1108 2176 quidem

108 2195 210 2258 nimie
234 2191 706 2278 etinordinateproferantur:
729 2193 809 2278 quia
820 2213 921 2276 saepe
944 2188 1108 2254 dictorum

109 2294 218 2360 virtus
239 2293 404 2378 perditur,
426 2315 500 2358 oum
521 2289 614 2379 apud
635 2291 736 2356 oorda
758 2289 968 2356 audientium
988 2287 1107 2375 loqua-

108 2394 222 2458 oitatis
243 2395 379 2460 inoauta
401 2392 653 2478 importunitate
666 2390 869 2478 laevigatur,
892 2400 926 2456 et
938 2397 1108 2473 auctorem
1170 2453 1174 2460 ,

109 2514 207 2558 suum
229 2491 315 2559 haee
336 2489 452 2563 eadem
475 2491 664 2578 loquacitas
678 2493 846 2578 inquinat,
870 2513 957 2576 quae
979 2487 1107 2556 servire
1199 2479 1204 2489 ’

108 2591 321 2660 auditoribus
344 2592 388 2658 ad
409 2613 507 2670 usum
528 2591 697 2677 profectus
711 2591 855 2676 ignorat.
900 2587 999 2656 Unde
1020 2586 1107 2652 bene
1159 2635 1162 2642 .

109 2713 172 2776 per
194 2693 337 2778 Moysen
360 2689 496 2757 dieitur:
524 2691 618 2772 Vir,
649 2693 721 2776 qui
741 2690 901 2756 fluxum
934 2687 1106 2753 seminis

108 2791 293 2877 patitur,
325 2789 560 2859 immundus
588 2787 719 2877 oritl)
769 2789 811 2853 In
843 2799 952 2856 mente
981 2789 1106 2876 quippe
1201 2824 1204 2830 ·

106 2888 319 2956 audientium
341 2913 454 2956 semen
477 2899 653 2957 secuturae
664 2889 875 2974 cogitationis
898 2899 948 2954 est
970 2885 1106 2954 auditae

108 2989 254 3076 qualitas
275 2990 464 3070 locutionis,
486 2992 564 3076 quia
587 2990 662 3055 dum
684 3011 745 3077 per
761 3011 875 3080 aurem
900 3010 1005 3054 sermo
1029 3010 1105 3053 oon·

106 3089 433 3176 oipitur,·oogitatio
462 3091 497 3156 in
519 3101 628 3174 mente
651 3100 843 3174 generatur.
886 3088 985 3154 Unde
1008 3098 1041 3152 et
1062 3087 1105 3168 ab

107 3187 348 3276 hujusmundi
373 3189 582 3277 sapientibus
597 3187 807 3278 praedicator
829 3189 986 3274 egregius
1009 3186 1105 3252 semi·
1167 3222 1169 3227 ·

108 3289 290 3356 niverbius·
312 3299 364 3354 est
384 3286 573 3374 mentual)
620 3286 687 3370 Qui
710 3311 790 3374 ergo
820 3287 947 3365 fluxum
969 3284 1107 3352 seminis

109 3525 161 3602 ⁴¹)
179 3533 252 3586 Rom.
276 3527 370 3600 ms.
399 3564 428 3573 -
455 3531 479 3602 ²)
496 3535 580 3588 Exod.
605 3532 649 3599 28,
671 3531 714 3588 34.
742 3561 777 3574 —-
804 3531 823 3594 ³)
848 3534 928 3586 ltere.
952 3533 977 3596 9,
1002 3531 1046 3586 49,
1071 3559 1105 3573 -ψ

177 3615 202 3687 ⁴)
220 3618 303 3674 Lavit.
330 3619 370 3684 15,
388 3622 415 3674 2.
440 3650 472 3658 -
498 3617 520 3687 ¹)
545 3619 669 3673 Alludare
695 3619 738 3670 hio
764 3619 864 3671 videtur
887 3615 915 3671 S.
939 3615 1048 3686 Gregor.
1070 3619 1107 3670 ad

178 3709 266 3760 neor.
285 3704 386 3771 tifld.
470 3711 476 3732 ¹
1069 3733 1073 3746 .
