2468 4218
562 267 619 298 .-
648 229 727 310 aaa
768 267 806 278 -

179 397 392 483 ,figuaumri
437 395 469 462 A
495 397 608 466 uenus
636 393 796 469 videlicet
818 392 1049 483 impelluntur
1070 395 1191 478 nubes,

177 498 273 581 ⁸quia
292 495 534 572 immundorum
565 496 740 578 spirituum
770 494 890 572 afflatu
917 496 1015 584 pravi
1036 496 1184 574 excitan-

176 607 245 667 tur
265 595 425 662 homines.
470 595 538 675 Qui
559 616 637 680 ergo
659 595 818 677 observat
837 604 983 677 ventum,
1006 617 1074 668 non
1091 595 1185 670 semi·

177 705 266 778 ,nat3
290 703 325 760 et
345 694 403 780 qui
425 693 617 760 considerat
631 692 756 776 nubes,
779 715 961 780 numquam
979 694 1184 779 metiamia

189 794 345 880 quisquis
372 793 591 860 tentationem
619 791 842 880 malignorum
869 793 1064 882 spirituum,
1100 795 1183 882 quis

176 893 552 980 ‚quis-persecutionem
575 913 751 978 pravorum
773 891 941 967 bominum
964 894 1099 976 metuit,
1126 915 1181 958 ne-

177 1013 258 1078 ,que
280 1013 371 1058 nunc
392 1013 499 1076 grana
527 988 606 1054 boni
634 991 744 1076 operis
774 992 931 1070 seminat,
968 1013 1079 1077 neque
1109 1003 1182 1058 tunc

188 1089 375 1176 manipulos
399 1099 534 1156 sanotae
557 1089 788 1158 retributionis
810 1100 911 1158 secat.

175 1248 181 1268 ,
249 1189 296 1258 At
317 1199 435 1258 contra
456 1190 659 1277 praecipites
674 1189 750 1256 dum
765 1190 926 1257 bonorum
943 1200 1075 1264 actuum
1090 1211 1181 1278 prae·

175 1290 328 1375 ¹vtsniunt
355 1297 505 1374 tempus,
534 1291 688 1354 meritum
715 1299 929 1376 pervertunt,
964 1300 996 1354 at
1025 1312 1129 1378 saepe
1151 1291 1181 1354 in

186 1386 285 1457 malis
306 1397 486 1470 corruunt,
508 1388 586 1455 dum
609 1389 698 1474 bona
719 1389 850 1454 minime
874 1388 1075 1457 discernunt.
1118 1389 1182 1470 Qui
1224 1397 1225 1470 ᾗ

175 1507 418 1574 -nequaquam,
454 1509 540 1574 quac
571 1469 704 1576 quando
734 1499 854 1574 agant,
888 1487 1090 1576 inspiciunt,
1126 1486 1180 1554 sed

175 1585 384 1672 plerumque
406 1597 460 1652 act
461 1609 501 1670 a,
525 1587 605 1674 quia
627 1587 674 1651 ita
697 1610 763 1654 non
786 1586 1033 1656 debuerunt‹r
990 1611 1108 1674 agere,
1133 1611 1181 1656 cc·

174 1693 360 1771 gnoscunt.
403 1684 534 1766 Quibus
563 1685 625 1752 sub
648 1685 742 1752 audit
730 1689 810 1753 toris
840 1690 950 1774 specie
979 1697 1069 1754 recte
1093 1687 1225 1776 apud
1223 1679 1225 1738 l

176 1781 397 1873 ,Salomonem
419 1784 605 1870 adicitur:
627 1784 731 1866 Fili,
756 1785 1178 1854 sineconsilionihil

185 1882 332 1967 iacias,
357 1894 396 1950 et
417 1893 511 1972 post
531 1884 691 1952 factum
711 1908 791 1952 non
812 1885 1065 1973 poenitebis.
1081 1888 1108 1974 ²)
1139 1887 1180 1954 Et

184 2005 335 2050 rursum.
372 1983 614 2072 Palpebrae
641 1995 741 2052 tuae
770 1986 1039 2071 praecedant
1067 2009 1178 2072 gres·

177 2108 253 2154 sus
276 2095 375 2150 tuos
397 2082 423 2172 ³)
456 2084 643 2171 Palpebrae
664 2086 788 2172 quippe
807 2107 944 2170 gressus
962 2087 1177 2174 praecedunt,

177 2206 258 2250 cum
281 2185 506 2272 operationem
521 2193 668 2251 nostram
684 2184 826 2252 consilia
839 2197 931 2252 recta
946 2189 1180 2270 praeveniunt

175 2283 253 2364 ,Qui
284 2284 371 2348 enim
402 2283 545 2368 negligit
571 2283 818 2350 ‘considerando
856 2286 1054 2370 praevidere
1094 2285 1179 2372 quod

176 2382 280 2462 iacit,
303 2403 441 2466 gressus
462 2382 586 2463 tendit,
618 2382 729 2456 oculos
752 2382 894 2468 claudit,
924 2384 1097 2472 pergendo
1122 2389 1179 2450 iter

176 2480 332 2564 conficit,
357 2481 415 2546 sed
437 2481 665 2566 praevidendo
688 2484 885 2572 sibimetipsi
909 2508 975 2550 non
998 2485 1178 2566 antecedit,
1222 2505 1223 2546 1

177 2591 284 2670 ‚atque
305 2581 427 2648 idcirco
450 2582 547 2648 citius
570 2585 710 2666 corruit,
735 2585 815 2671 quia
838 2608 903 2671 quo
926 2583 1045 2671 pedem
1066 2586 1180 2671 operis

81 2718 82 2721 κ
115 2749 116 2754 ,
178 2703 306 2766 ponere
330 2679 469 2765 debeat,
492 2704 553 2769 per
574 2681 768 2767 palpebram
793 2683 919 2750 consilii
939 2707 1006 2750 non
1025 2686 1177 2750 attendit.

181 2829 479 2844 unta—w——u-—n

179 2854 184 2862 ι

179 2939 184 2946 .
220 2897 242 2966 ¹)
259 2897 338 2954 Liber
355 2899 663 2966 Ecclesiasticus,
683 2901 759 2971 cnjus
777 2911 850 2954 autor
867 2905 959 2966 Josus,
988 2904 1057 2956 lilius
1074 2903 1177 2968 Siraci,

250 2985 436 3052 ierosolymita
448 2987 543 3051 existit,
562 2985 694 3038 Salomoni
705 2987 844 3056 aliquando
856 2990 999 3057 inscriptus
1009 2988 1067 3056 suit,
1087 3001 1178 3060 nenrpe

250 3072 282 3124 ob
300 3071 483 3140 parabolarum
501 3077 525 3124 et
543 3073 676 3140 phrasinm
695 3074 902 3142 similitudinem,
930 3081 955 3127 ot
980 3076 1041 3142 quia
1064 3088 1101 3126 ex
1130 3076 1177 3128 So·

249 3155 360 3210 lomonis
379 3157 511 3226 parabolis
529 3157 652 3225 quaedam
672 3159 732 3210 hinc
751 3159 809 3210 inde
830 3160 1024 3228 insperguntur.
1038 3189 1046 3200 ·
1060 3157 1087 3212 S.
1111 3162 1176 3214 Gre-

248 3245 340 3310 gorius
357 3243 437 3313 hujus
454 3242 514 3295 libri
532 3247 649 3296 autorem
659 3259 736 3313 saepe
746 3245 809 3298 alibi
822 3247 937 3314 appellat
949 3253 1046 3298 tatitnm
1065 3262 1079 3314 q
1094 3263 1176 3301 nen·

180 3319 184 3328 ’
248 3331 319 3382 dam
342 3330 558 3399 sapientam,
584 3329 628 3382 bic
651 3336 735 3382 autem
761 3346 884 3400 expressa
905 3331 1068 3384 Salomonem
1089 3335 1175 3386 nomi·

247 3420 306 3484 nat,
328 3415 380 3467 nisi
408 3411 484 3480 sorte,
512 3418 541 3466 ut
559 3415 663 3480 qnidam
682 3416 834 3486 opinantur,
859 3418 884 3469 id
908 3418 1116 3472 amanuensibus
1146 3421 1177 3472 sit
1219 3465 1220 3492 ζ

246 3499 444 3554 attribuendum.

212 3583 234 3650 ²)
251 3583 332 3642 Ecoli.
352 3583 398 3654 32,
417 3585 459 3642 24.
479 3613 507 3623 ·-
531 3583 554 3652 ³)
572 3584 648 3639 Prcv.
667 3587 697 3656 l,
716 3587 758 3643 25.
