2468 4218
456 289 689 356 ffffiiz

62 455 252 546 pepimunt,
283 464 324 532 et,
338 453 503 534 scientiae,
520 451 584 521 sibi
604 473 723 534 nuncu
745 453 939 523 extendunt.
982 455 1062 537 Bar,

61 552 347 637 vulorumcorpla
372 554 442 641 Jam
474 551 515 618 dc
537 551 633 618 verbi
664 555 878 641 conceptione
908 554 1070 640 gravida,¹

62 657 191 736 emme
214 653 332 739 gladia
350 650 506 732 scindunt
512 699 521 733 ,
547 662 581 718 et
602 651 700 739 quast
722 649 891 734 doctrinae
909 651 976 718 sibi
991 655 1060 741 opi-

61 756 198 832 nionem
219 753 357 832 faciunt.
399 751 470 818 Hos
493 772 571 834 ergo
600 773 672 832 cum
700 773 857 834 conamur
886 755 1073 837 instruere,

62 876 114 922 ns.
131 875 293 939 perverse
306 851 468 932 sentiant,
491 849 727 930 admoneamus
738 851 830 937 prius
844 875 981 921 necesse
1000 863 1060 936 est,

63 975 107 1023 ns
131 954 267 1024 inanem
295 949 436 1036 gloriam
467 959 640 1039 quaerant.
685 949 721 1016 Si
753 952 839 1018 enim
866 951 966 1016 radix
996 953 1061 1034 ela·

61 1051 166 1128 tionis
189 1037 413 1131 abscinditur,
438 1059 680 1135 consequenter
700 1051 785 1116 rami
806 1071 932 1136 pravae
955 1073 1063 1130 asser·

62 1151 169 1228 tionis
191 1147 345 1224 arefiunt·
386 1147 591 1218 Admoneudi
614 1158 690 1221 sunt
713 1150 828 1229 etiam,
862 1172 903 1214 ne
932 1172 1064 1217 errores
1171 1226 1172 1230 Ἰ

62 1248 318 1336 discordiasque
345 1246 548 1332 generando,
573 1248 679 1332 legem
709 1246 795 1330 Dei,
820 1271 908 1335 quac
939 1249 1062 1316 ideirco

61 1349 146 1415 data
169 1360 236 1430 est,
269 1358 307 1412 nt
328 1345 493 1418 sacrificia¹
520 1357 659 1412 satanae
689 1346 882 1433 probibeat,
916 1347 1063 1416 eamdem

61 1451 184 1536 ipsam¹
208 1449 242 1512 in
273 1458 411 1512 satanae
445 1447 643 1512 sacrificium
677 1459 819 1527 vertant.
874 1448 972 1514 Unde
1002 1471 1063 1535 per

62 1547 264 1637 prophetam
297 1548 462 1613 Dominus
498 1549 665 1635 queritur,
699 1547 828 1624 dicens:
865 1547 972 1612 Dedi
1005 1549 1063 1612 eis

62 1651 335 1728 frumentum,
367 1648 506 1712 vinum
537 1661 576 1712 et
598 1647 750 1731 oleum,
783 1659 819 1712 et
842 1659 1062 1732 argentum

62 1747 359 1833 multiplicavi
393 1747 455 1813 eis
486 1757 523 1812 et
545 1769 697 1828 aurum,
728 1770 836 1835 quae
864 1748 1065 1813 fecerunt

63 1847 183 1917 Baal.
205 1845 229 1932 ι)
273 1847 489 1912 Frumentum
512 1847 636 1931 quippe
661 1869 680 1909 a
702 1846 846 1912 Domino
874 1848 1065 1934 accipimus,

65 1946 201 2034 quando
224 1948 261 2010 in
281 1945 379 2032 dictis
401 1946 653 2012 obscurioribus
676 1945 838 2012 subducto
854 1949 997 2030 tegmine
1010 1945 1065 2010 lit·

64 2057 161 2112 terae
187 2068 245 2132 per
267 2046 447 2112 medullam
471 2048 608 2133 spiritus
629 2046 730 2131 Legis
748 2047 879 2110 interna
897 2048 1065 2112 sentimus.

64 2147 188 2211 Vinum
213 2169 306 2210 suum
328 2145 491 2210 Dominus
514 2144 609 2210 nobis
631 2155 799 2232 praestat,
824 2168 898 2210 cum
917 2144 1063 2230 Scriptu-

63 2267 124 2310 rae
147 2267 228 2309 suae
250 2245 319 2312 alta
341 2244 588 2333 praedicatione
616 2268 676 2310 nos
701 2243 853 2310 inebriat.
872 2243 898 2329 ²)
943 2243 1063 2310 Oleum

68 2365 202 2430 quoqne
225 2367 319 2410 suum
341 2345 437 2408 nobis
459 2343 587 2424 tribuit,
610 2365 683 2408 cum
707 2347 895 2431 praeceptis
917 2345 1060 2431 apertio·

65 2443 162 2508 ribus
183 2445 284 2509 vitam
311 2453 458 2508 nostram
486 2441 613 2510 blenda
639 2443 777 2509 lenitate
800 2444 954 2531 disponit.
997 2446 1060 2511 Ar·

66 2553 206 2627 gentum
229 2542 448 2629 multiplicat,
481 2564 553 2608 oum
577 2541 670 2608 nobis
693 2543 766 2612 luce
789 2545 938 2609 veritatis
959 2543 1060 2630 plena

67 2641 203 2726 eloquia
225 2640 465 2709 subministrat.
493 2641 585 2708 Aure
599 2665 729 2730 quoque
746 2666 806 2708 nos
817 2644 913 2726 ditet,
930 2643 1061 2730 quando

68 2761 124 2806 cor
144 2751 293 2806 nostrum
315 2741 487 2810 intellectu
501 2743 617 2808 summi
633 2741 776 2826 fulgoris
791 2741 941 2808 irradiat.
965 2744 1062 2824 Quae

66 2852 189 2907 cuneta
210 2839 372 2906 baeretici
392 2841 476 2906 Baal
499 2842 654 2923 offerunt,
678 2843 755 2926 quia
772 2842 862 2929 apud
876 2844 1061 2910 auditorum

67 2961 202 3006 suorum
223 2939 324 3006 corda
345 2952 499 3029 corrupte
513 2941 1060 3026 omniaintelligendopervertunt.

68 3043 115 3108 Et
135 3043 176 3110 de
198 3043 362 3108 frumento
385 3041 467 3122 Dei,
501 3043 579 3108 vino
602 3051 703 3132 atque
726 3040 815 3124 eleo,
840 3053 979 3126 argento
1001 3065 1060 3129 pa·

66 3143 152 3207 riter
174 3151 207 3208 et
229 3163 328 3222 auro,
362 3151 500 3206 satanae
530 3141 727 3206 sacrificium
755 3141 946 3222 immolant,
982 3141 1061 3228 quia

67 3242 113 3308 ad
134 3264 279 3308 errorem
304 3240 489 3306 discordiae
512 3241 619 3306 verbe
640 3241 733 3329 pacis
754 3240 929 3306 inclinant.
964 3240 1062 3307 Unde

67 3339 270 3407 admonendi
294 3351 370 3405 sunt
378 3389 388 3421 ,
410 3351 448 3404 ut
468 3341 695 3425 perpendant,
719 3342 798 3429 quia
815 3339 891 3406 dum
904 3363 1063 3426 perversa

103 3585 123 3648 ¹)
142 3559 218 3638 Osee.
237 3585 269 3649 2,
294 3584 319 3640 8.
346 3615 378 3626 -
416 3585 436 3649 ²)
454 3586 518 3642 Alit.
537 3585 649 3653 debriat,
679 3589 737 3640 Vox
757 3595 795 3641 est
820 3603 854 3642 an
882 3588 1062 3655 rte-ebrio,

137 3672 258 3726 asceticis
276 3672 448 3740 scriptoribus
465 3673 569 3726 usitata.
