2462 4220
563 285 603 298 -
646 247 718 313 sss·
751 285 791 298 -

179 414 279 510 quia
302 413 465 480 tandem
489 411 719 500 aliquando
742 411 1019 488 refloruistis.
1037 411 1064 498 ¹)
1096 412 1172 477 Ter-

179 510 262 559 tium
275 514 396 562 nomen
409 506 460 560 est
482 493 740 578 Emmanuel,
754 491 781 584 ²)
810 493 901 582 quod
925 497 1169 598 iutelpretttur,

178 577 407 644 Nobiscum
429 578 551 643 Deus.
568 577 594 663 3)
638 578 709 642 Ηοο
729 599 850 643 nomon
868 579 1030 643 deberent
1051 577 1170 642 habere

177 659 341 742 Praelati,
364 667 402 726 ut
423 661 550 726 scilieet
573 680 703 746 semper
725 671 839 736 essent
861 669 936 724 'cum
958 661 1106 725 subditis
1126 660 1172 722 die

178 753 364 830 noctuque,
397 745 494 828 quasi
524 753 677 830 pastores
708 765 781 806 eum
811 763 923 828 grege.
968 743 1068 808 Unde
1100 742 1172 828 quis

179 827 315 912 Moyses
337 829 429 892 stetit
450 825 571 891 absens
593 847 613 888 a
628 825 751 911 populo
774 847 834 890 suo
856 825 1089 911 quadraginta
1111 825 1173 888 die-

97 955 101 965 ·
179 909 255 990 bus,
280 918 318 973 ut
340 911 506 1056 acciperet
526 908 632 991 legem
657 928 677 970 a
700 908 855 989 Domino,
878 909 1023 996 populus
1045 909 1173 973 interim

180 991 335 1056 adoravit
354 990 407 1056 ido
425 1015 456 1073 o,
477 1001 515 1055 ut
537 1001 631 1079 patet
645 991 751 1056 Exod.
763 991 812 1056 32.
824 993 862 1072 b,
883 1000 917 1055 et
939 996 1052 1056 tamen
1075 991 1173 1056 bonos

178 1075 321 1138 vicarios
343 1077 393 1138 eis
415 1075 617 1160 reliquerat,
642 1073 770 1137 scilieet
792 1074 907 1138 Aaron
930 1087 962 1138 et
985 1075 1043 1140 Ur.
1074 1071 1174 1150 ‘Quid

181 1156 307 1221 facient
327 1157 433 1240 tales,
466 1156 600 1242 quando
623 1158 751 1220 dicetur
772 1159 821 1220 eis
844 1177 865 1219 a
888 1181 1012 1221 summo
1038 1156 1172 1221 Pastore

181 1239 255 1305 Deo
277 1239 362 1304 illud
380 1240 561 1304 Jeremiae:
598 1239 681 1304 Ubi
713 1251 777 1303 est
807 1259 925 1322 grex,
957 1242 1031 1326 qui
1054 1241 1174 1304 datus

181 1334 244 1388 est
264 1320 412 1408 sitite)
436 1322 619 1391 scilieet'in
642 1319 850 1386 custodiam?
872 1321 1038 1402 Quartum
1059 1343 1175 1387 nomen

182 1415 234 1472 est
256 1404 395 1470 Filius
417 1405 637 1470 Altissirni.
652 1403 678 1490 ⁵)
720 1401 923 1470 Hocnomen
936 1405 1102 1470 deberent
1123 1403 1173 1466 ba·

182 1486 261 1552 bere
284 1487 434 1554 Praelati
455 1511 515 1576 per
527 1486 721 1552 altissimam
736 1488 1025 1554 conversationem
1048 1497 1085 1552 et
1107 1509 1175 1551 eon·

182 1569 440 1656 templationem.
484 1570 551 1637 Ubi
572 1569 772 1646 notandum,
793 1573 877 1656 quia
895 1583 965 1636 tres
987 1581 1067 1635 sunt
1090 1569 1173 1634 diffe-

182 1656 312 1717 rentiae
326 1652 487 1718 bonorum
498 1653 656 1718 liliorum}
677 1650 812 1736 quidam
825 1656 912 1718 enim
927 1653 987 1717 filii
1009 1653 1072 1718 alti
1098 1661 1175 1726 sunt,

97 1769 99 1774 ·
183 1745 217 1799 et
237 1736 293 1800 isti
316 1743 394 1800 sunt
414 1737 629 1820 incipientem
652 1733 786 1820 quidum
806 1734 954 1818 altiores,
976 1748 1012 1802 et
1026 1738 1083 1801 isti
1106 1743 1175 1798 sunt

183 1818 408 1904 proficientem
430 1814 565 1906 quidam
589 1833 667 1882 sunt
682 1817 848 1900 altissimi,
872 1831 905 1885 et
927 1821 983 1884 lstl
1003 1831 1087 1885 sunt
1109 1835 1173 1904 per·

181 1903 270 1964 fecti.
314 1901 359 1966 Et
380 1902 468 1967 tales
479 1902 603 1968 debent
622 1919 697 1965 esse
712 1900 870 1984 Praelati,
893 1904 972 1990 quia
994 1903 1030 1967 in
1051 1913 1174 1968 tantum

179 1983 304 2048 distare
326 1981 426 2050 debat
448 2007 469 2048 a
492 1984 633 2050 subditis
656 1985 726 2047 vita
750 1983 995 2068 Praelatorum,
1018 1995 1174 2072 quantun

180 2066 304 2132 distare
335 2067 422 2134 solet
444 2089 465 2132 a
486 2088 590 2166 grege
613 2067 683 2130 vita
705 2077 897 2153 pastorum,
919 2081 956 2134 ut
978 2070 1027 2132 ait
1054 2068 1175 2150 Grego-

182 2152 252 2216 rius
276 2153 311 2215 in
340 2150 572 2216 Pastoralr.
617 2151 780 2228 Quintum
810 2173 929 2216 nomen
959 2163 1010 2216 est
1030 2146 1175 2227 JESUS,

183 2232 216 2296 id
238 2245 300 2314 est,
325 2231 491 2298 Salvator.
529 2233 731 2300 Hoenomen
747 2231 1005 2300 debenthabore
1018 2231 1175 2308 Praelati,

182 2327 219 2380 ut
241 2339 335 2380 suam
358 2327 391 2380 et
402 2315 606 2382 subditotum
624 2326 805 2402 operentur
820 2315 979 2398 salutem,
1002 2319 1091 2382 sicut
1105 2313 1176 2379 feeit

183 2397 362 2464 Dominus:
396 2398 581 2465 Attende
611 2399 695 2463 tibi
725 2410 765 2463 et
794 2399 1041 2482 d'octrinae,
1071 2403 1175 2464 insto

183 2483 222 2544 in
253 2481 359 2562 illis3
390 2482 450 2546 sic
478 2485 583 2546 enim
613 2495 653 2548 te
684 2484 816 2604 iusum
849 2483 1010 2548 salvum
1033 2483 1174 2559 facies,

184 2575 333 2645 eteos,
359 2565 490 2652 quite
515 2564 695 2630 audiunt.
722 2567 752 2649 )’
779 2565 815 2630 Si
830 2564 1019 2631 bocnomen
1034 2567 1175 2648 inopere

183 2644 309 2715 babere
332 2660 533 2713 eonor-entur
555 2647 720 2729 Praelati,
751 2671 865 2712 omnes
887 2649 1094 2715 honorarent
1115 2670 1174 2724 eos,

182 2730 443 2896 llumtdililur'z)
466 2731 513 2796 In
544 2734 722 2798 nomine
753 2731 888 2806 'JESU
922 2753 1040 2796 omne
1073 2751 1175 2818 genu

224 2835 269 2877 ee
298 2837 318 2878 a
348 2833 424 2878 ura
556 2846 562 2856 ·

246 2998 304 3064 IV.
335 2998 472 3064 Debent
487 3001 700 3082 sumimitari,
719 3001 759 3064 in
783 3003 879 3068 vita.
917 2999 1072 3066 Christus
1096 3003 1176 3065 enin

184 3093 321 3150 vocatus
333 3083 376 3148 ad
388 3081 556 3162 honorem,
574 3081 755 3148 scilieeta'd
771 3105 924 3168 regnum,
947 3095 985 3150 ut
996 3083 1175 3167 habetursst

183 3165 280 3249 fugit.
326 3165 526 3262 Opprobriis
550 3189 640 3248 vere,
663 3166 697 3230 id
720 3177 771 3247 est
794 3169 944 3252 passioni
956 3167 1045 3234 ultro
1068 3191 1105 3233 se
1128 3167 1176 3233 ob·

184 3243 271 3315 tulit.
316 3248 471 3313 Obrrstus
501 3251 661 3315 innocens
690 3249 755 3315 fuit
783 3253 816 3314 in
840 3253 927 3332 vita,
957 3263 991 3316 et
1012 3259 1127 3316 tamen
1148 3251 1177 3313 in

186 3409 200 3416 a.
211 3406 472 3417 n--n———u—-u-u-—n-

221 3495 239 3562 ¹)
258 3490 327 3546 rus
346 3494 370 3560 t,
391 3455 432 3550 lo.
456 3523 479 3532 -
505 3491 609 3562 ¹)1sai.
629 3498 652 3560 r,
672 3495 711 3549 u.
733 3527 766 3535 -
786 3495 805 3562 ³,
823 3497 915 3550 otton.
936 3507 958 3559 ι,
976 3498 1018 3551 ss.
1039 3529 1073 3537 --
1093 3499 1115 3562 o
1131 3499 1175 3550 ns.

255 3563 295 3628 13,
313 3565 356 3618 20.
380 3593 414 3603 -
439 3563 457 3626 ⁵)
477 3563 540 3617 Luc.
560 3566 583 3630 l,
601 3565 644 3620 32.
672 3597 704 3604 -
728 3565 796 3634 ⁶11.
814 3567 878 3621 Tim.
896 3567 926 3634 4,
946 3568 988 3622 16.
1014 3598 1044 3607 -
1073 3564 1097 3638 ⁷)
1116 3566 1176 3620 Phil.

252 3639 277 3700 2,
297 3633 337 3686 10.
359 3663 391 3672 —-
409 3632 430 3702 Ε)
448 3635 523 3687 Joan.
542 3633 566 3700 6,
588 3635 628 3687 15.
750 3634 754 3645 '
792 3646 796 3657 '
954 3665 957 3673 ·
