2486 4222
461 244 667 311 ..23-

57 411 185 482 Cureti
213 411 302 477 enim
330 409 458 498 liquido
488 409 658 491 novimus,
698 411 778 496 quia
810 431 883 475 cum
918 410 966 492 is,
1003 411 1064 497 qai

57 509 232 597 displicet,
266 509 309 575 ad
326 509 610 579 ‘intercedendum
631 511 792 591 mittitur,
829 510 908 576 irati
931 510 1062 575 animus

57 610 102 682 sd
125 610 294 678 deteriora
316 621 526 698 provocatur.
564 609 634 689 Qui
656 629 734 693 ergo
757 607 867 674 adhuc
888 607 1065 674 desideriis

56 711 203 777 terrenis
233 709 473 794 adstringitur,
504 719 625 776 masat
659 731 702 774 ne
730 707 875 776 districti
903 709 987 774 iram
1006 709 1062 795 ju·

55 810 142 879 dicis
162 811 300 894 gravius
331 807 536 890 accendens,
570 808 647 876 dum
675 808 746 876 loco
777 807 962 877 delectatur
990 807 1060 894 glo-

56 913 148 992 riae,
171 911 231 976 fiet
252 909 394 976 subditis
417 919 533 974 auctor
554 909 683 976 ruinae.

416 1089 610 1159 curun
643 1045 724 1154 xi*

81 1220 212 1288 Qualis
237 1221 389 1287 quisque
411 1220 452 1270 ad
475 1221 633 1286 regimen
661 1219 786 1270 venire
812 1231 876 1270 non
902 1215 1032 1268 debeat.

121 1353 268 1420 Solerter
290 1377 370 1438 ergo
394 1377 429 1418 se
453 1357 596 1442 quisque
619 1355 794 1435 metiatur,
818 1375 861 1419 ne
882 1351 989 1418 locum
1005 1373 1059 1417 re·

54 1455 192 1541 giminis
215 1476 384 1520 assumere
406 1452 540 1536 audeat,
565 1455 594 1518 si
616 1451 726 1518 adhuc
742 1453 776 1518 in
790 1473 824 1518 se
838 1454 954 1518 vitium
968 1450 1060 1516 dam·

54 1554 218 1620 nobiliter
238 1563 371 1636 regnat3
393 1575 435 1617 ne
458 1553 503 1634 is,
528 1575 624 1638 quem
648 1551 769 1616 crimen
797 1553 960 1637 depravat
981 1573 1060 1640 pro·

54 1655 184 1740 prium,
218 1652 418 1718 intercessor
442 1651 514 1716 fieri
537 1659 677 1738 appetat
698 1673 758 1739 pro
782 1650 887 1738 culpis
911 1650 1057 1717 aliorum.

54 1753 144 1821 Hinc
170 1754 292 1818 etenim
317 1775 466 1838 superna
488 1773 572 1817 voce
593 1748 637 1817 ad
652 1749 792 1838 Moysen
815 1753 954 1817 dieitur:
984 1749 1059 1818 Lo·

56 1873 185 1942 quere
215 1850 267 1914 ad
295 1850 448 1916 Aaron:
477 1851 604 1916 Homo
633 1851 860 1916 desemine
889 1861 1059 1939 tuoper

52 1949 267 2034 familias,
292 1953 359 2038 qui
381 1950 583 2016 hebuerit
604 1950 820 2032 maculam,
847 1974 928 2016 non
952 1949 1058 2015 offe·

53 2061 123 2120 ret
160 2073 292 2140 panes
323 2051 498 2116 Domino
528 2049 610 2114 Deo
650 2073 735 2131 suo,
779 2073 850 2116 nec
884 2047 1060 2114 accedet

54 2152 104 2219 ad
138 2152 420 2216 ministerium
453 2151 552 2237 ejus.
579 2148 604 2234 ¹)
650 2149 718 2214 Ubi
747 2159 780 2214 et
806 2158 944 2238 repente
978 2149 1059 2213 sub·

50 2253 223 2338 jungitur:
251 2249 292 2314 si
314 2271 463 2314 caecus
484 2249 631 2330 fuerit,
657 2251 691 2314 si
714 2245 906 2330 claudus,
931 2249 965 2312 si
986 2245 1052 2324 vei

53 2374 207 2440 parvo,
238 2349 304 2415 vel
327 2346 480 2434 grandi
503 2362 542 2414 et
562 2357 670 2414 torto
695 2370 815 2429 naso,
848 2350 882 2412 si
908 2347 1052 2414 fracto

53 2449 178 2538 pede,
209 2449 245 2514 si
273 2471 408 2530 manu,
441 2449 474 2512 si
496 2446 669 2533 gibbus,
703 2449 736 2511 si
757 2447 917 2533 lippus,
944 2448 976 2512 ei
998 2445 1051 2512 al-

54 2549 256 2635 buginem
287 2545 444 2614 habene
477 2548 518 2612 in
551 2545 692 2630 oculo,
728 2547 762 2612 si
788 2550 931 2634 jugem
965 2568 1051 2610 sca·

53 2649 176 2730 hiem,
211 2649 244 2712 si
273 2647 557 2732 impetiginem
579 2647 619 2711 in
642 2667 840 2732 corpore,
870 2645 933 2710 vel
958 2667 1051 2730 pon·

54 2748 238 2812 derosus.
261 2749 286 2833 ²)
332 2745 461 2813 Caecus
480 2747 603 2834 quippe
620 2757 688 2828 est,
713 2745 771 2833 qui
786 2765 951 2831 supernae
975 2768 1052 2811 con-

53 2845 279 2932 templationis
300 2845 410 2910 lumen
433 2847 582 2930 ignorat;
604 2846 663 2933 qui
684 2845 868 2931 praesentis
891 2845 980 2910 vitae
1001 2854 1051 2910 te·

54 2945 167 3010 nebris
193 2965 350 3031 pressus,
387 2943 466 3008 dum
496 2955 673 3011 venturam
700 2945 809 3009 lucem
837 2965 1051 3037 nequaquem

54 3043 223 3130 diligendo
246 3045 429 3130 conspicit,
461 3067 526 3131 quo
549 3065 686 3128 gressus
710 3045 819 3130 operis
840 3043 865 3130 ³)
888 3043 1052 3129 porrigat,

54 3147 170 3212 nescit.
213 3143 301 3210 Hinc
323 3143 442 3208 etenim
465 3143 687 3231 prophetante
708 3143 809 3208 Anna
823 3143 959 3207 dicitur:
982 3142 1049 3206 Pe·

53 3245 122 3309 des
154 3241 399 3308 Sanctorum
423 3265 590 3308 suorum
616 3241 825 3323 servabit,
860 3254 898 3307 et
928 3241 1051 3328 impii

54 3345 94 3409 in
116 3339 311 3408 tenebris
333 3342 631 3408 conticescent.
651 3339 679 3429 ¹⁸)
725 3340 873 3408 Claudus
892 3363 971 3408 vero
987 3347 1048 3423 est,
1165 3387 1167 3392 ·

54 3443 112 3529 qui
136 3441 288 3528 quidem,
323 3463 389 3528 quo
410 3463 553 3530 pergere
576 3437 712 3519 debeat,
740 3441 878 3528 aspicit,
911 3438 969 3505 sed
989 3461 1053 3525 per

95 3635 118 3704 ¹)
145 3635 208 3688 Lov.
227 3634 275 3701 21,
294 3635 336 3690 17.
356 3665 388 3676 -
415 3635 439 3701 ²)
457 3635 520 3690 Lev.
538 3635 583 3702 21,
603 3633 644 3691 18.
663 3663 695 3674 -
723 3632 742 3698 ³)
761 3634 823 3687 Alit.
847 3645 964 3700 gressum
989 3647 1050 3686 cor-

138 3722 220 3790 poris.
238 3719 260 3785 ⁴)
278 3721 303 3774 1.
323 3721 386 3790 Reg.
406 3720 435 3790 2,
453 3721 478 3778 9.
