2486 4222
474 265 602 352 f·u
648 305 687 336 τ

81 431 205 502 oribus
226 431 344 516 latent.
361 431 387 520 ¹)
431 431 523 516 Quid
532 432 868 522 nemque'duodecim·
876 433 1005 518 bobus,
1017 432 1085 512 nisi

83 533 271 602 universus
292 542 464 618 pastorum
485 532 563 608 ordo
578 533 800 618 designetur?
813 533 854 619 ²)·
884 533 937 598 De
960 533 1084 620 quibus

86 631 197 698 Paulo
225 630 409 700 disserente
436 633 509 707 Lex
537 633 631 700 dicit:
663 633 753 700 Non
780 631 1008 700 obturabis
1039 655 1084 701 os

87 733 193 798 bovi
220 733 467 797 trituranti
484 731 512 820 3)
556 731 707 812 Quorum
729 732 864 818 quidem
885 755 946 798 nos
968 742 1085 820 aperta

86 851 193 916 opera
215 833 394 912 cernimus,
417 833 475 898 sed
497 833 589 919 apud
609 832 795 914 districtum
812 831 975 918 judicem,
998 852 1085 917 quae

80 930 166 998 illos
187 932 353 1016 posterius
375 943 534 1000 maneant
554 931 739 1006 inocculta
760 931 997 1013 retributione,
1028 951 1085 996 ue-

87 1032 220 1098 soimus
267 1029 334 1109 Qui
362 1040 474 1096 tamen
501 1055 576 1098 eum
606 1029 895 1098 condescensionis
923 1053 1003 1098 suae
1026 1050 1086 1117 pa·

87 1131 242 1206 tientiam
265 1129 435 1196 diluendis
450 1133 678 1217 proximorum
700 1130 965 1196 confessionibus
988 1149 1085 1215 prae-

87 1241 222 1318 parant,
246 1229 341 1295 velut
362 1241 441 1296 ante
466 1231 553 1296 fores
575 1231 693 1318 templi
714 1230 855 1296 luterem
877 1237 1025 1316 portant,
1048 1234 1087 1292 ut

88 1331 245 1417 quisquis
265 1333 391 1396 intrare
423 1331 634 1397 aeternitatis
661 1333 802 1417 januam
825 1329 953 1408 nititur,
976 1334 1085 1392 tenta·

89 1430 197 1494 tiones
219 1450 298 1496 suas
320 1431 425 1496 menti
440 1429 586 1512 pastoris
607 1429 743 1512 indicet,
765 1439 799 1493 et
812 1429 909 1515 quasi
929 1428 964 1492 in
985 1425 1087 1490 boum

89 1529 195 1594 lutere
225 1531 437 1625 cogitationis
465 1527 519 1594 vel
548 1531 658 1617 operis
686 1551 805 1594 manus
834 1527 935 1592 lavet.
978 1523 1024 1590 Et
1049 1523 1086 1588 fit

89 1628 311 1715 plerumque,
341 1639 379 1692 ut
409 1626 487 1692 dum
514 1631 652 1694 rectoris
681 1629 813 1694 animus
845 1627 955 1691 aliena
976 1633 1084 1690 tente-

87 1737 203 1792 menta
224 1725 517 1793 condescendendo
538 1729 722 1813 cognoscit,
746 1727 870 1792 auditis
892 1724 1084 1790 tentationi·

87 1826 152 1890 bus
175 1828 274 1892 etiam
296 1831 369 1912 ipse
401 1827 569 1914 pulsetnr3
598 1829 678 1912 quia
702 1837 735 1892 et
756 1827 840 1891 haec
860 1825 993 1905 eadem,
1025 1845 1085 1908 per

85 1949 191 2013 quam
212 1927 329 2014 populi
350 1925 529 1992 multitudo
551 1926 702 2006 diluitur,
726 1947 816 2012 aqua
839 1923 955 2012 procul
985 1920 1087 1986 dubio

83 2026 205 2092 luteris
239 2029 445 2112 inquinatur.
502 2026 586 2090 Nam
624 2025 700 2089 dum
735 2024 852 2089 sordes
889 2022 1086 2088 diluentium

84 2127 242 2212 suscipit,
273 2128 372 2212 quasi
401 2147 481 2193 suae
508 2125 695 2192 munditiae
724 2125 938 2188 serenitatem
965 2119 1084 2207 perdit

87 2221 158 2291 Sed
186 2224 272 2290 haee
298 2247 514 2312 nequaquam
546 2224 673 2310 pastori
702 2221 848 2286 timenda
877 2228 971 2303 sunt,
1005 2219 1085 2304 quia

86 2325 164 2390 Deo
188 2324 353 2390 subtiliter
376 2334 497 2388 cuncta
524 2333 689 2408 pensante
710 2331 803 2388 tanto
824 2319 955 2386 facilius
979 2339 999 2380 a
1025 2341 1086 2386 sua

81 2424 248 2509 eripitur,
279 2434 406 2508 quanto
428 2419 678 2506 misericordius
700 2444 744 2486 ex
766 2421 880 2486 aliena
902 2419 1085 2484 tentatione

84 2523 261 2608 fatigatur.

443 2615 729 2705 orsurus

123 2759 161 2809 Ut
180 2759 365 2812 sitrector
393 2759 480 2811 bene
502 2755 697 2824 agentibus
725 2768 786 2822 per
806 2753 1048 2806 humilitatem
1128 2795 1130 2800 .

120 2845 263 2902 socius,
288 2851 408 2896 contra
433 2843 703 2910 delinquentium
729 2841 826 2890 vitia
849 2853 912 2907 per
937 2839 1049 2890 zelum
1143 2874 1144 2878 η

402 2929 587 2997 justitiae
611 2932 765 2980 erectus

152 3045 203 3112 Sit
236 3039 345 3110 rector
371 3043 457 3109 bene
485 3042 664 3129 agentibus
693 3063 754 3129 per
786 3038 1009 3108 humilitatem
1032 3061 1083 3106 so·

84 3151 170 3229 cius,
194 3155 312 3212 contra
334 3143 598 3228 delinquentium
616 3141 698 3208 vitia
719 3163 779 3228 per
803 3140 909 3204 zelum
926 3139 1083 3224 justitiae

83 3254 239 3326 erectus3
270 3255 308 3310 ut
330 3254 363 3310 et
383 3243 479 3309 bonis
502 3243 537 3308 in
559 3240 655 3332 nullo
678 3259 714 3308 se
737 3240 924 3329 praeferat,
956 3247 1085 3302 etcum

84 3367 268 3436 pravorum
290 3344 392 3430 eulpa
414 3343 531 3426 exigit,
554 3349 751 3428 potestatem
766 3339 921 3426 protinus
944 3337 998 3400 sui
1018 3335 1085 3422 pri·

84 3456 204 3512 oratus
226 3452 410 3529 agnoscat:
431 3451 598 3529 quatenus
619 3439 799 3520 ethonore
822 3454 1004 3524 suppresso
1027 3455 1084 3498 ac·

84 3541 221 3634 qualem
242 3564 278 3618 se
301 3539 447 3614 subditis
463 3539 550 3606 bene
573 3533 764 3606 viventibus
785 3536 935 3627 deputet,
957 3541 1087 3626 storga

81 3666 376 3690 ,.....-.-..-...

123 3728 144 3797 ¹)
161 3728 186 3782 a.
206 3729 271 3796 neg.
290 3729 314 3792 r,
333 3725 377 3794 aa,
394 3704 535 3798 era-jn
554 3724 580 3816 ¹?
596 3724 653 3778 cor.
670 3725 696 3798 e,
713 3723 740 3778 s.
758 3699 791 3759 ‘-
811 3717 832 3788 2)
850 3720 925 3798 pour,
943 3719 986 3791 25,
999 3715 1030 3793 ¹r.
