2468 4218
493 242 778 310 ...128-

159 408 246 489 'dnm
268 415 479 498 seer-igunt,
502 413 537 479 in
560 420 735 500 apostatae
751 409 865 498 angeli
877 410 1098 478 imitationem
1113 431 1164 476 ea-

167 514 261 582 dunt
307 511 400 594 Quid
427 511 541 600 itaque
571 511 715 578 elatione
750 511 913 600 dejectius
921 559 931 594 ,
968 492 1057 596 quiec
1088 507 1165 576 dum

167 635 272 702 sopra
295 637 332 680 se
353 608 520 695 tenditur,
554 609 598 676 ab
625 609 806 676 altitudine
835 631 938 677 verae
961 606 1165 676 celsitudinis

166 713 369 800 elongatur?
391 713 435 778 Et
458 712 538 798 quid
558 710 745 778 humilitate
764 709 947 792 sublimius,
975 731 1064 796 quse
1088 705 1164 774 dum

168 837 205 880 ee
226 815 262 878 in
280 813 346 878 ima
359 812 531 898 deprimit,
555 812 683 876 auctori
694 833 753 876 suo
764 811 913 876 manenti
924 830 1024 896 snper
1039 829 1165 874 summa

166 913 367 998 conjungit?
407 911 470 978 Est
498 920 610 977 tamen
639 909 752 992 aliud,
783 908 871 996 quod
898 909 934 974 in
963 909 1012 972 eis
1041 907 1166 972 debeat

145 1011 266 1076 ¹caute
288 1011 440 1096 pensari3
470 1011 550 1098 quia
572 1031 673 1097 saepe
696 1007 831 1097 quidam
854 1006 1054 1074 humilitatis
1075 1005 1164 1072 deci·

113 1184 118 1194 ,
166 1111 308 1198 piuntur
330 1111 460 1198 specie,
491 1109 626 1197 quidam
648 1129 728 1174 vero
750 1106 904 1175 elationis
927 1131 1008 1174 suae
1029 1109 1165 1191 ignora-

166 1211 258 1276 tione
281 1208 454 1274 falluntur.
501 1208 586 1274 Nam
606 1207 804 1296 plerumque
819 1207 1001 1290 nonnullis,
1025 1207 1086 1292 qui
1102 1205 1166 1271 sibi

165 1306 309 1375 humiles
331 1309 503 1392 videntur,
531 1310 639 1396 isqui
660 1305 849 1375 hominibus
872 1304 995 1372 deferri
1024 1329 1094 1372 uon
1111 1306 1164 1371 de·

165 1405 240 1492 bet,
272 1410 472 1493 conjunctus
495 1418 546 1474 est
575 1411 687 1490 timor3
721 1407 918 1496 plerumque
947 1427 1025 1472 vero
1055 1403 1166 1474 elatos

122 1505 125 1510 ’
165 1508 318 1574 comitari
341 1507 424 1572 solet
444 1506 571 1572 liberae
594 1509 685 1573 vocis
707 1506 855 1572 assertio.
899 1505 944 1570 Et
966 1527 1040 1570 cum
1058 1526 1164 1590 quae·

166 1604 243 1670 dam
263 1606 470 1692 increpanda
492 1617 570 1673 sunt
590 1607 691 1692 vitia,
725 1605 777 1671 illi
798 1606 940 1672 reticent
969 1627 1011 1670 ex
1031 1605 1164 1684 timore,

166 1713 202 1770 et
221 1715 333 1772 tamen
354 1715 468 1772 tacere
491 1728 526 1771 se
549 1707 727 1772 aestimant
749 1729 792 1771 ex
814 1705 1016 1771 humilitate:
1037 1704 1098 1768 isti
1116 1703 1164 1770 lo·

166 1812 317 1892 quuntur
337 1827 397 1893 per
419 1807 661 1893 impatientiam
679 1805 842 1888 elationis,
866 1815 1024 1870 ettamen
1042 1826 1076 1868 ee
1094 1827 1164 1870 cre·

166 1905 250 1970 dunt
282 1904 374 1990 loqui
409 1929 470 1992 per
506 1905 697 1972 libertatem
732 1903 955 1973 rectitudinis.
1009 1903 1091 1968 Illos
1131 1917 1166 1971 ut

163 2027 325 2092 perversa
343 2029 410 2073 non
432 2007 625 2092 increpent,
650 2005 711 2070 sub
737 2005 847 2090 specie
868 2003 1066 2070 humilitatis
1083 2027 1162 2090 pre·

162 2105 224 2170 mit
243 2105 341 2193 eulpa
362 2105 565 2187 formidinis3
586 2106 669 2172 istos
691 2103 735 2170 ad
751 2103 968 2192 increpanda,
992 2123 1078 2192 quae
1095 2125 1165 2168 non

163 2201 304 2288 debent,
328 2215 387 2271 aut
409 2207 516 2290 magis
537 2201 763 2292 increpanda,
794 2226 893 2290 quam
914 2202 1058 2284 debent,
1098 2201 1164 2266 sub

161 2303 308 2390 imagine
329 2304 496 2370 libertatis
518 2305 691 2372 effrenatio
714 2302 858 2389 impellit
879 2301 1025 2370 tumoris.
1060 2299 1165 2367 Unde

164 2413 199 2470 et
219 2402 298 2470 elati
326 2403 528 2472 admonendi
554 2415 647 2487 suut,
675 2427 718 2470 ne
738 2403 818 2490 plue
852 2426 952 2491 quam
977 2395 1071 2466 dece't
1094 2401 1166 2467 sint

162 2500 276 2588 liberi,
311 2515 345 2570 et
365 2503 509 2570 humiles
540 2503 757 2585 admonendi,
790 2526 833 2568 ne
855 2501 932 2590 plus
973 2521 1071 2588 quam
1105 2524 1163 2567 ex·

162 2603 256 2692 pedit
287 2606 353 2674 sint
380 2604 539 2696 subjecti:
572 2628 614 2672 ne
645 2614 704 2671 aut
734 2603 784 2670 illi
807 2602 1033 2670 defensionem
1057 2602 1163 2690 justi·

161 2701 230 2768 tiae
257 2715 390 2772 vertant
417 2707 452 2771 in
479 2706 752 2773 exercitationem
775 2703 968 2791 superbiae3
1000 2712 1059 2769 aut
1087 2703 1163 2786 isti,

162 2823 238 2868 cum
255 2805 390 2880 student
410 2804 499 2891 plus,
524 2828 624 2893 quam
645 2827 783 2870 necesse
799 2814 861 2883 est,
881 2801 1163 2870 hominibussub·

156 2901 234 2990 jioi,
258 2901 502 2988 compellantur
524 2926 637 2971 eorum
659 2907 760 2970 etium
782 2903 865 2970 vitia
889 2901 1053 2968 venerari.

227 2997 514 3069 Considerandum
536 3027 613 3070 vero
636 3017 703 3087 est,
726 3001 816 3091 quod
837 3001 1034 3090 plerumque
1053 2999 1164 3070 elatee

116 3109 124 3133 '
160 3099 280 3166 utilius
302 3103 514 3191 corripimus,
538 3105 567 3168 si
590 3125 703 3168 eorum
718 3098 981 3188 correptionibus
994 3099 1164 3189 quaedam

160 3197 298 3266 laudum
320 3203 467 3268 fomenta
494 3206 702 3269 misceamus.
744 3199 926 3268 Inserenda
955 3221 1100 3288 namque
1128 3202 1163 3267 il·

160 3295 205 3365 lis
227 3311 306 3367 sunt
328 3311 387 3366 aut
409 3299 608 3384 olisbona,
632 3323 718 3383 quae
740 3302 776 3365 in
797 3299 879 3386 ipsis
901 3309 995 3382 sunt,
1026 3307 1084 3364 aut
1110 3300 1163 3367 di·

158 3398 300 3468 cendum
321 3408 431 3482 certe,
455 3421 542 3486 quae
563 3409 719 3489 poterant
739 3421 831 3481 esse,
861 3400 889 3464 si
910 3420 976 3466 nou
998 3409 1090 3482 sunu
1128 3415 1162 3469 et

157 3507 239 3564 tune
261 3497 392 3564 demum
411 3497 596 3566 resecanda
619 3509 696 3566 eunt
716 3497 825 3582 mala,
856 3517 943 3586 quae
970 3497 1066 3565 nobis
1086 3499 1161 3570 dis·

156 3593 300 3684 plicent,
321 3618 395 3667 cum
414 3597 511 3688 priua
529 3595 577 3666 ad
597 3596 800 3666 audiendum
821 3619 934 3664 eorum
955 3596 1163 3692 placabilem
