2468 4218
451 245 676 314 ..125-

59 411 170 478 etism
190 433 226 478 ee
248 409 457 479 declinantes
477 413 722 501 insequuntur,
744 413 841 482 rixae
859 413 1065 492 occasionem

61 521 290 591 commovent,
314 509 431 578 labore
453 513 675 580 contentionis
696 512 866 596 gaudent,
902 533 986 600 quos
1013 521 1063 578 ta·

64 632 143 676 men
170 609 289 676 melius
318 612 538 697 corrigimus,
573 612 658 678 siin
679 611 754 698 ipsa
775 613 847 682 irae
877 633 957 676 suae
980 631 1063 678 oom-

61 712 212 777 motione
243 710 460 778 declinamus.
505 710 699 777 Perturbati
732 713 856 802 quippe
890 708 972 800 quid
1004 733 1063 778 au·

66 810 164 876 diant
185 811 359 896 ignorant,
391 810 448 876 sed
471 810 515 876 ad
536 832 571 876 se
593 809 726 876 reducti
754 819 848 876 teuto
877 809 1016 878 liberius
1039 808 1066 896 ¹)

66 909 313 976 exhortationis
335 908 439 975 verba
461 910 646 998 recipiunt,
681 918 807 996 quanto
836 932 871 974 se
898 909 1064 999 tranquil·

64 1008 136 1075 lius
156 1009 313 1076 toleratos
335 1006 547 1074 erubescunt.
580 1008 688 1074 Menti
701 1018 811 1074 autem
827 1006 1066 1076 furoreebriae

62 1130 166 1174 omne
198 1118 349 1189 rectum,
395 1107 481 1193 quod
513 1106 658 1190 dicitur,
693 1130 891 1192 perversum
921 1107 1065 1176 videtur.

65 1206 168 1272 Unde
190 1217 222 1272 et
245 1207 354 1273 Nabal
375 1207 470 1274 ebrio
501 1205 636 1293 culpam
658 1229 752 1274 suam
781 1207 919 1292 Abigeil
947 1206 1065 1272 lauda-

64 1305 184 1372 biliter
204 1308 326 1389 tacuit,
351 1330 451 1396 quam
465 1306 594 1391 digesto
609 1308 686 1372 vino
700 1306 917 1388 laudabiliter
928 1306 1021 1372 dixit.
1036 1308 1064 1392 ²)

65 1406 199 1474 Idcirco
221 1408 308 1470 enim
330 1406 467 1488 malum,
498 1406 587 1493 quod
608 1406 753 1490 fecerat,
787 1427 986 1492 cognoscere
1007 1426 1064 1492 po·
1138 1398 1148 1408 ”

62 1507 149 1587 tuit,
175 1506 337 1593 quiahoc
359 1505 470 1570 ebrius
491 1527 559 1572 non
581 1506 720 1572 audivit.

133 1605 217 1672 (lum
241 1627 318 1672 vero
340 1606 387 1668 ita
410 1605 563 1670 iracundi
586 1604 668 1672 alios
690 1606 869 1691 impetunt,
904 1615 941 1670 ut
963 1601 1064 1670 decli·

66 1707 144 1772 nari
166 1705 299 1770 omnino
321 1704 553 1786 nonpossint,
585 1725 652 1768 non
673 1716 791 1793 aperta
814 1703 1067 1792 exprobatione,

66 1805 127 1872 sed
149 1805 212 1870 sub
236 1803 380 1892 quadam
403 1815 482 1868 sunt
508 1801 640 1870 cautela
669 1806 877 1880 reverentiae
899 1800 1065 1894 parcendo

63 1904 219 1972 feriendi.
264 1901 363 1984 Quod
386 1901 506 1966 melius
521 1901 743 1986 ostendimus,
768 1905 796 1968 si
814 1901 1067 1969 Abnerfoctum

65 2003 111 2068 ad
143 2004 287 2070 medium
316 2001 534 2070 deducamus.
581 1999 681 2066 Hunc
710 2003 835 2088 quippe
863 2023 938 2066 oum
965 1999 1069 2067 Aseel

64 2104 102 2170 vi
124 2104 280 2170 incautae
302 2101 592 2189 praecipitationis
614 2101 806 2187 impeteret,
831 2101 1067 2186 scriptumest:

64 2203 257 2268 Locutus
285 2212 349 2268 est
374 2202 517 2270 Abner
548 2202 597 2268 ad
623 2201 771 2283 Asadi,
804 2200 967 2266 dicens:
995 2199 1067 2264 Re·

67 2302 186 2383 cede,
215 2301 301 2368 noli
322 2324 380 2366 me
401 2303 617 2390 persequi,
647 2323 699 2368 ne
722 2299 953 2389 compellar
975 2317 1066 2364 oon·

65 2400 218 2468 fodere
241 2411 283 2465 tc
304 2403 349 2464 in
372 2413 547 2466 terram.
599 2402 680 2482 Qui
701 2401 857 2467 audire
886 2407 1066 2464 oontem-

67 2503 142 2583 sit,
178 2511 217 2564 et
245 2499 383 2566 noluit
419 2498 650 2566 declinere.
705 2499 932 2566 Percussit
965 2517 1066 2581 ergo

69 2606 161 2670 euin
193 2598 338 2666 Abner
371 2621 526 2666 aversa
558 2599 685 2668 hasta
723 2601 764 2668 iu
796 2596 987 2684 inguine,
1028 2603 1069 2660 et

68 2698 320 2766 transfodit
353 2721 461 2781 eum,
499 2711 540 2766 et
574 2711 764 2765 mortuus
797 2708 868 2770 est.
889 2694 915 2782 ³)
960 2694 1068 2783 Cujus

65 2799 160 2866 enim
182 2797 286 2863 Asadi
319 2807 434 2886 typum
461 2799 585 2882 tenuit,
616 2799 681 2864 nisi
702 2819 831 2880 eorum,
863 2817 947 2884 quos
969 2797 1067 2860 vehe-

65 2905 199 2964 menter
225 2897 390 2983 arripiens
417 2897 510 2963 furor
538 2899 574 2961 in
595 2919 757 2984 praeceps
788 2897 903 2963 ducit?
943 2895 1012 2977 Qui
1032 2895 1068 2962 in

65 2997 184 3064 codem
208 2995 333 3062 furoris
360 2999 485 3079 impetu
511 3007 603 3062 tanto
632 3005 731 3062 caute
758 2994 953 3064 declinandi
980 3003 1068 3078 sunt,

66 3108 198 3188 quanto
220 3108 254 3162 et
282 3098 402 3163 insane
424 3097 611 3186 rapiuntur.
654 3095 753 3164 Unde
784 3107 818 3162 et
844 3095 976 3177 Abner,
1010 3093 1074 3181 qui

71 3207 186 3264 nostro
209 3219 359 3263 sermone
388 3200 496 3284 patris
523 3194 660 3261 lucerna
688 3195 825 3278 dicitur,
852 3196 955 3280 fugit3
989 3194 1070 3280 quia

67 3295 245 3362 doctorum
270 3296 406 3382 lingua,
437 3317 523 3383 quae
552 3315 734 3382 supernum
755 3295 824 3362 Dei
851 3293 963 3361 lumen
985 3289 1068 3357 indi·

69 3404 145 3476 cat,
168 3417 242 3460 cum
263 3417 325 3484 per
339 3395 485 3484 abrupta
501 3393 627 3462 luroris
637 3405 780 3462 mentem
792 3393 977 3481 ouJuspiam
990 3389 1073 3456 ferri

110 3612 134 3680 ¹)
152 3596 375 3756 &regitestis
407 3643 438 3654 -
475 3613 494 3678 ¹)
514 3615 538 3670 1.
563 3615 628 3684 seg.
652 3613 699 3680 oe,
723 3613 765 3670 eu.
796 3642 825 3652 -
864 3610 884 3676 't
908 3611 933 3666 c.
958 3613 1020 3680 mg.
1044 3611 1069 3680 2,
