2462 4220
561 261 786 328 -240..

238 428 338 509 Quod
360 449 438 494 vero
461 429 495 494 in
518 429 567 492 eis
585 430 687 515 juxta
709 432 885 516 antiquum
906 449 1047 510 morem,
1080 449 1179 492 usum

174 511 274 600 pallii
296 534 336 576 ac
358 514 449 576 vices
473 509 793 598 sedisapostolicae
815 511 1007 600 postulasti,
1032 509 1125 574 absit
1137 531 1178 574 ne

175 605 235 662 aut
256 596 471 658 transitoriae
487 595 662 678 potestatis
673 593 805 658 eulmen
814 642 823 674 ,
848 606 908 660 aut
920 595 1097 658 exterioris
1112 591 1180 656 cul·

175 691 230 744 tus
253 684 408 742 ornatum
429 675 451 758 ¹)
477 677 512 739 in
534 675 664 739 vicibus
684 678 809 740 nostris
831 674 986 762 acpallio
1003 677 1180 762 quaesisse

174 773 207 826 te
231 759 388 844 suspicer.
437 757 504 821 Sed
527 759 607 841 quia
630 761 758 824 cunctis
780 758 805 821 li
831 769 905 839 uet,
928 757 1019 822 unde
1042 759 1078 822 in
1098 757 1180 822 Gal·

173 843 292 908 liarum
313 839 507 922 regionibus
520 839 605 904 fides
620 851 738 905 sancta
752 778 923 926 prodierit,
947 863 1020 906 cum
1034 843 1180 926 priscam

174 921 449 989 consuetudinem
473 921 568 986 Sedis
600 922 804 1007 apostolicae
826 924 1038 988 Fraternitss
1064 933 1180 987 vestra

175 1008 313 1092 repetit:
350 1005 431 1090 qnid
461 1003 555 1068 aliud
584 1025 682 1090 quam
712 1004 800 1070 bona
834 1005 965 1070 soboles
995 1005 1040 1069 ad
1070 1007 1181 1070 sinum

176 1091 291 1152 matris
311 1088 473 1151 recurrit?
516 1086 653 1150 Libenti
675 1107 710 1149 er
737 1111 755 1152 ο
778 1088 888 1152 anime
913 1087 1081 1174 postulata
1102 1111 1180 1152 con·

174 1171 337 1248 cedimus,
374 1193 415 1233 ne
443 1178 501 1232 sut
527 1169 621 1234 robis
644 1171 701 1255 qui
727 1191 826 1256 quam
856 1170 897 1234 de
918 1169 1031 1236 debito
1053 1172 1178 1238 honore

101 1323 107 1331 ,
175 1251 391 1328 subtrahero,
420 1261 479 1315 aut
501 1251 812 1336 praecellentissimi
834 1252 896 1316 filii
917 1255 1022 1316 nostri
1044 1253 1177 1320 Childe·

172 1335 259 1400 berti
285 1335 596 1419 regispetitionem
628 1335 842 1400 contemsisse
873 1335 1058 1400 videamur.
1113 1335 1177 1401 Sed

169 1419 242 1504 jam
264 1439 354 1482 nuno
377 1415 486 1480 studio
509 1417 628 1516 majori
655 1438 709 1481 res
737 1417 883 1502 indiget,
915 1425 952 1481 ut
973 1441 1047 1482 eum
1071 1415 1178 1485 honor

173 1501 306 1581 crescit,
337 1501 437 1564 etiam
460 1497 648 1564 sellicitudo
672 1499 837 1584 proficiat,
869 1510 902 1563 et
923 1521 1004 1584 erga
1028 1511 1178 1567 caetero·

171 1603 245 1646 rum
274 1582 457 1646 custodiam
487 1582 660 1664 vigilantia
697 1591 884 1663 excrescat,
920 1587 1010 1646 vitae
1039 1605 1175 1672 quoque

171 1665 289 1728 merita
312 1663 474 1748 subjectis
496 1663 532 1726 in
555 1661 742 1749 exemplum
765 1666 920 1743 veniant,
948 1673 982 1729 et
1002 1687 1177 1752 nunqnam

174 1767 237 1810 sua
258 1765 319 1831 per
340 1747 486 1833 suscepti
508 1744 642 1812 honoris
665 1749 824 1829 gratiam,
860 1747 918 1812 sed
946 1747 1039 1812 lucra
1070 1749 1174 1814 coele-

174 1829 234 1892 stis
271 1828 401 1912 patriae
437 1838 546 1892 vestra
581 1827 793 1894 Fraternitas
832 1830 996 1916 exquirat.
1060 1831 1176 1896 Nostis

174 1911 273 1991 enim,
299 1908 380 1993 quid
401 1908 521 1974 beatus
543 1911 726 1996 Apostolus
746 1933 882 1994 gemens
899 1910 1002 1982 dieat:
1026 1911 1176 1979 Omnes

92 2007 94 2013 “
174 1994 277 2056 enirn
343 2015 423 2055 uae
457 2015 530 2056 sua
562 2003 655 2058 sunt
685 2003 908 2078 quaerunt,
950 2018 1030 2060 non
1066 2020 1176 2082 quae

174 2073 319 2140 sunt'C
352 2073 585 2138 'ristiIesu
612 2074 637 2161 ²)
686 2114 687 2118 =

238 2155 448 2236 Quibusdam
472 2179 615 2242 namque
638 2157 864 2240 narrantibus,
889 2179 908 2222 a
934 2159 1012 2224 novi
1028 2161 1118 2246 quod
1139 2163 1172 2226 in

173 2237 356 2304 Galliarum
381 2239 436 2303 vel
461 2239 661 2304 Germaniae
684 2239 836 2323 partibus
858 2181 972 2306 nullus
986 2241 1029 2305 ad
1043 2244 1173 2308 sacrum

173 2321 320 2388 ordinem
344 2324 416 2387 sine
445 2319 604 2386 commodi
633 2322 767 2386 datione
796 2325 981 2408 perveniat·
1023 2323 1124 2402 Quod
1146 2328 1173 2389 si

173 2404 222 2467 ita
248 2416 312 2482 est,
334 2405 417 2468 flens
439 2403 532 2483 dico,
556 2425 690 2486 gemens
712 2404 887 2485 denuntio,
918 2409 998 2491 quia
1021 2429 1094 2470 cum
1121 2429 1170 2471 sa·

173 2486 351 2550 cerdotalis
374 2487 452 2551 ordo
476 2488 567 2550 intus
589 2487 725 2567 cecidit,
748 2489 827 2552 foris
850 2510 914 2574 quo
942 2511 984 2553 ue
1008 2489 1062 2553 diu
1084 2500 1170 2554 stare

172 2589 239 2634 non
262 2571 394 2654 poterit.
440 2569 568 2636 Scimus
592 2571 715 2654 quippe
739 2591 781 2632 ex
797 2511 984 2655 evangelio,
1008 2571 1090 2654 qnid
1110 2574 1169 2636 Re·

173 2650 436 2717 demtornoster
457 2673 517 2736 per
539 2654 751 2736 semetipsum
774 2651 909 2734 fecerit,
942 2655 1022 2739 quia
1043 2655 1169 2740 ingres·

172 2754 230 2796 sus
249 2733 413 2814 templum.
432 2733 608 2798 cathedras
636 2733 851 2799 vendentium
880 2735 1051 2802 columbas
1078 2757 1169 2802 ever·

172 2815 222 2878 tit.
243 2814 269 2900 ³)
307 2815 491 2882 Columbae
504 2819 592 2880 enim
608 2813 764 2896 vendere,
788 2828 838 2880 est
850 2818 890 2881 de
906 2821 1026 2904 spiritu
1042 2831 1171 2901 sancto,

173 2918 273 2982 quern
288 2897 381 2962 Deus
394 2899 601 2984 omnipotens
617 2898 936 2964 consubstantialem
957 2900 1023 2965 sibi
1038 2923 1100 2987 per
1114 2905 1169 2966 im·

171 2981 370 3064 positionem
391 3002 548 3047 manuum
578 2979 767 3048 hominibus
788 2983 926 3062 tribuit,
966 2983 1170 3049 commodum

173 3063 355 3148 temporale
382 3065 562 3150 percipere.
611 3061 664 3128 Ex
694 3086 775 3150 quo,
808 3075 844 3130 ut
872 3064 1046 3150 praedixi,
1082 3066 1176 3130 malo·

172 3144 239 3209 'am
262 3148 413 3210 innuitur
434 3146 515 3232 quid
538 3157 707 3230 sequatur.
720 3143 749 3230 ²⁵)
795 3145 885 3227 Quia
908 3147 966 3234 qui
989 3147 1168 3229 intemplo

207 3229 237 3291 oi
257 3227 428 3294 columbas
449 3229 596 3294 vendere
618 3239 929 3316 praesumpserunt,
961 3250 1075 3296 eorum
1096 3230 1176 3294 Deo

165 3307 281 3396 judice
304 3309 482 3376 cathedrae
506 3311 706 3377 ceciderunt
1001 3339 1005 3349 “·

233 3391 303 3472 Qui
324 3391 479 3458 videlicet
500 3414 591 3459 error
611 3395 647 3458 iu
662 3391 804 3460 subditis
815 3413 888 3459 cum
900 3402 1167 3481 augmentopro·

169 3486 324 3561 pagatur.
367 3475 451 3539 Nam
478 3476 551 3563 ipse
584 3497 716 3562 quoque
741 3477 799 3562 qui
826 3475 934 3564 pretio
962 3475 1007 3542 ad
1041 3495 1169 3543 sacrum

204 3663 225 3724 ¹)
239 3659 303 3712 Alit.
320 3661 506 3714 ornamentum.
525 3687 557 3701 -
584 3659 608 3730 ²)
626 3660 724 3732 Philip.
742 3663 767 3730 2,
785 3659 829 3718 il·
847 3689 881 3702 -
908 3649 927 3727 'l
945 3661 1037 3716 natu.
1056 3663 1106 3731 21,
1126 3662 1168 3717 12.

237 3726 259 3794 ⁴)
278 3728 340 3782 Alit
360 3729 489 3797 signatur.
