2486 4222
401 187 673 304 >ss-.-

60 405 214 470 dioantis
243 407 341 489 rigat·
370 401 396 490 ¹)
441 403 539 470 Unde
572 411 733 470 rectorem
760 427 897 472 neeesse
926 417 994 490 est,
1033 417 1074 473 ut

61 505 235 572 interiora
255 505 362 592 possit
382 503 569 587 infundere,
593 506 792 590 cogitatione
807 507 946 572 innoxia
968 507 1071 570 etiam

61 605 240 672 exteriora
271 605 462 690 providere..
499 603 554 669 Sio
583 605 699 690 itaque
725 616 878 691 pastores
908 627 992 692 erga
1017 608 1068 674 in·

59 707 193 771 teriora
215 705 325 770 studia
341 703 548 770 subditorum
566 727 698 772 suorum
713 704 877 789 ferveant,
901 717 1069 794 qnatenus

63 806 102 871 in
128 805 179 870 eis
201 805 377 870 exterioris
402 825 534 890 quoque
550 806 640 870 vitae
662 804 905 892 providentiam
927 829 994 872 non
1014 827 1068 870 re-

62 904 236 989 linquant.
280 903 365 970 Nam
379 905 571 991 quasijure,
593 913 632 968 nt
645 904 801 987 diximus,
819 928 839 970 a
854 907 1070 991 pereipionda

16 991 24 1002 ¹
62 1001 323 1092 praedieatione
351 1004 465 1089 gregis
487 1006 618 1070 animus
639 1004 827 1089 frangitur,
857 1006 885 1070 si
908 1027 989 1071 cura
1010 1029 1069 1070 ex·

61 1107 202 1172 terioris
225 1105 363 1170 subsidii
386 1127 407 1169 a
427 1113 563 1192 pastore
579 1103 784 1189 negligatur.
829 1105 926 1172 Unde
943 1115 976 1169 et
999 1107 1069 1192 pri·

61 1227 141 1270 mus
165 1213 278 1290 pastor
308 1204 447 1272 sollicite
480 1205 653 1287 admonet,
691 1205 819 1271 dicens:
864 1203 1068 1270 Seniores

64 1307 144 1392 qui
175 1307 217 1368 in
247 1291 376 1370 vobis
410 1315 519 1386 sunt,
551 1303 734 1370 obsecro
771 1306 994 1370 consenior
1024 1312 1067 1368 et

62 1407 220 1471 testis
255 1403 434 1470 Christi
463 1405 739 1491 passionum,
770 1405 919 1490 quiet
949 1405 1067 1490 ejus,

65 1525 174 1591 quae
197 1506 240 1568 in
260 1502 403 1568 futuro
425 1502 659 1570 revelanda
682 1515 764 1586 est,
791 1503 949 1588 gloriae
972 1524 1069 1568 eorn-
1186 1567 1191 1576 ,

61 1605 328 1684 munioator,
357 1604 537 1685 pascite,
570 1603 704 1690 quiin
726 1604 845 1670 vobis
869 1613 948 1683 est,
976 1621 1066 1686 gre·

68 1725 157 1790 gem
178 1703 269 1768 Dei.
287 1702 313 1792 ²)
358 1703 427 1783 Qui
448 1701 509 1768 hoo
531 1705 567 1768 in
589 1703 662 1769 loco
684 1705 869 1789 pastionem
891 1701 1001 1768 cordis
1022 1725 1067 1768 an

63 1804 216 1890 eorporis
240 1802 411 1885 suaderet,
437 1804 590 1890 aperuit,
620 1826 694 1868 eum
723 1805 875 1890 protinus
897 1801 1066 1889 adjunxit:
1143 1791 1146 1796 ¹

65 1901 357 1968 Providentes
380 1925 461 1968 non
484 1912 641 1984 coacte,
666 1901 735 1967 sed
756 1912 986 1990 spontanee
1011 1922 1067 1967 se-

64 2001 247 2068 eundum
269 2001 415 2083 Deum,
445 2022 582 2087 neque
605 2004 750 2090 turpis
772 2003 885 2068 lueri
906 2001 1064 2086 gratia,

67 2100 143 2166 sed
169 2101 453 2168 voluntarie.
471 2097 497 2187 ³)
543 2099 675 2180 Quibus
696 2101 843 2188 profecto
870 2101 983 2166 verbis
1005 2123 1066 2186 pa-

67 2201 217 2269 storibus
237 2201 294 2287 pie
316 2209 559 2286 praecavetur,
583 2199 725 2266 nedum
747 2199 973 2287 subjectorum
995 2200 1066 2264 ino·

68 2303 161 2388 piam
181 2301 282 2366 nimie
300 2301 442 2382 satiant,
467 2319 501 2363 se
514 2317 671 2365 mucrone
691 2299 881 2366 ambitionis
902 2300 1066 2383 oooident,

65 2420 108 2468 ne
131 2423 206 2466 oum
228 2419 289 2486 per
312 2421 367 2464 eos
382 2401 493 2465 earnis
517 2397 676 2466 subsidiis
692 2400 887 2466 reficiuntur
908 2401 1064 2489 proximi,

68 2502 135 2590 ipsi
160 2507 356 2566 remaneant
384 2522 405 2563 a
428 2499 583 2586 justitiae
605 2520 694 2586 pane
719 2499 840 2587 jejuni.
883 2499 981 2564 Hane
1005 2521 1064 2585 pa-

69 2612 197 2669 storum
218 2596 476 2665 sollicitudinem
498 2597 625 2664 Paulus
648 2599 787 2682 excitat,
812 2599 940 2664 dicens:
975 2598 1066 2679 Qui

69 2721 252 2780 snorum,
286 2707 327 2764 et
359 2699 535 2764 maxime
570 2698 892 2766 domesticorum
928 2721 1066 2764 euram

67 2819 149 2865 non
176 2796 319 2877 habet,
347 2795 480 2862 fidem
512 2799 704 2884 negavit,
732 2806 773 2862 et
799 2807 864 2864 est
890 2797 1066 2864 infideli

67 2897 263 2963 deterior.
275 2894 305 2982 f)
348 2895 443 2963 Inter
465 2896 550 2974 baec
571 2899 685 2984 itaque
697 2899 912 2965 metuendum
935 2922 1066 2987 semper

73 3074 271 3094 *rna—0...-
302 3078 304 3081 ,

90 3167 187 3245 ¹‘ilion
213 3175 280 3231 adeo
302 3177 389 3246 pa'lnm
408 3181 434 3232 et
455 3177 483 3231 in
500 3184 588 3247 aperto
606 3184 660 3244 est,
683 3184 714 3231 ut
730 3177 800 3232 nullo
818 3193 868 3232 nou
888 3183 1000 3246 tempera
1018 3177 1063 3228 in-

134 3257 278 3338 dubitatum
295 3261 364 3316 inter
375 3263 500 3319 homines
519 3267 609 3332 fuerit,
634 3265 782 3334 exemplum
801 3263 909 3334 majoris
927 3274 985 3317 esee
1002 3262 1063 3316 'elli-

134 3341 223 3403 entire
241 3344 415 3417 quamverll'a.
443 3337 688 3420 'Apposiressnasa
705 3352 780 3420 epist.
797 3349 823 3404 6.
859 3347 1001 3417 nbengnm
1013 3349 1063 3402 iter

133 3436 174 3487 est
190 3437 237 3503 ptr
253 3436 405 3504 praecepta,
423 3434 501 3490 breve
519 3441 544 3488 st
565 3433 660 3489 eftoax
679 3449 726 3507 per
743 3435 892 3504 exemptum
910 3474 917 3488 .
935 3473 942 3487 .
960 3474 969 3492 .
987 3435 1063 3490 Plato

87 3513 89 3520 ’
114 3503 161 3594 'n
176 3517 332 3596 arnonus
349 3525 374 3574 n
395 3522 480 3575 omns
499 3521 631 3576 nvmum
646 3522 716 3576 rna
733 3523 889 3592 superum
908 3521 1065 3592 mospius

133 3597 300 3661 timoribus
318 3619 394 3676 qnam
412 3621 451 3682 er
464 3607 553 3662 verbis
570 3607 686 3662 Socrate
701 3609 808 3663 erexit«

95 3688 116 3776 ἱ)
132 3709 156 3762 1.
174 3698 286 3778 reus,
306 3718 328 3766 ι.
346 3741 380 3750 --
399 3707 423 3780 Ι)
444 3712 468 3764 1.
486 3713 555 3767 retr.
573 3705 599 3781 e,
617 3703 644 3768 a
662 3741 695 3750 -
713 3703 734 3792 t
754 3714 777 3768 1.
795 3705 860 3767 rm.
878 3689 904 3780 d,
923 3697 961 3766 a'
