2462 4220
550 271 589 290 -
619 234 695 302 ‘214
736 269 775 288 -·

167 400 337 472 miliariter
367 399 583 489 relinquitur,
613 425 636 470 a
668 397 811 486 quodum
843 421 903 470 suo
935 400 1008 466 sine
1043 397 1164 468 lubere

168 501 352 569 tolleretur.
370 505 395 588 ¹)

441 623 675 690 CAPUT
712 622 881 688 XXXIX.

169 728 263 796 Quod
291 725 452 780 infirmis
470 726 645 778 mentibus
671 726 809 778 omnino
832 739 898 777 non
923 721 1064 777 debent
1089 722 1162 776 ulte

559 811 774 878 praedicuri.

231 893 406 962 Sciendum
429 917 509 961 vero
532 906 582 962 est
602 894 835 980 praedicatori,
858 902 897 960 ut
917 893 1086 960 audituris
1109 894 1158 958 sui

168 996 313 1060 animum
339 993 428 1060 ultre
449 995 538 1060 vires
567 1017 633 1060 nou
654 992 783 1075 trabat,
816 1014 859 1058 ne
889 1003 927 1058 ut
954 994 1002 1060 itu
1039 993 1160 1075 dicum,

169 1093 247 1160 dum
268 1093 446 1182 plusquam
476 1093 567 1160 valet
588 1092 754 1172 tenditur,
785 1093 903 1158 mentis
925 1091 1050 1158 chorda
1073 1115 1158 1158 rum·

168 1205 277 1281 pstur.
319 1193 397 1258 Alte
419 1193 503 1258 enim
518 1215 672 1279 quaeque
686 1191 807 1258 debent
821 1191 931 1258 multis
945 1190 1161 1259 audientibus

170 1293 315 1378 contegi,
343 1301 377 1358 et
404 1293 464 1358 vix
490 1293 606 1378 paucis
632 1293 766 1380 aperiri.
809 1291 899 1358 Hinc
925 1313 1072 1378 numque
1102 1313 1160 1377 per

170 1393 378 1477 semetipsam
400 1393 533 1458 Veritas
556 1389 648 1456 dicit:
671 1390 789 1472 Quis,
812 1402 951 1477 putes,
974 1401 1038 1456 est
1058 1389 1162 1456 fide-

168 1491 224 1556 lis
247 1491 528 1578 dispensator
557 1498 594 1554 et
616 1487 825 1576 prudens,
858 1513 977 1577 quem
1006 1490 1158 1556 consti·

168 1590 256 1654 tuit
279 1588 467 1656 dominus
489 1611 615 1677 super
642 1587 847 1654 furnilium
870 1611 1000 1668 suam,
1028 1599 1074 1656 ut
1096 1589 1163 1654 det

169 1688 254 1754 illis
283 1689 325 1754 in
353 1697 542 1770 tempore
573 1689 714 1754 tritici
743 1686 1051 1775 mensurum?²)
1097 1687 1161 1752 Per

167 1808 357 1854 mensurum
386 1787 511 1874 quippe
543 1789 645 1854 tritici
675 1788 873 1874 exprimitur
901 1786 1018 1854 modus
1052 1787 1158 1868 verbi,

167 1909 210 1952 ne
232 1908 306 1951 eum
327 1897 467 1970 angusto
495 1887 586 1952 cordi
611 1887 802 1974 incapabile
832 1883 964 1973 aliquid
992 1885 1160 1971 tribuitur,

168 1994 266 2052 extra
286 1984 456 2052 fundatur.
499 1985 587 2052 Hine
610 1986 738 2053 Paulus
759 1987 822 2052 ait:
845 1985 932 2054 Non
953 1987 1076 2071 potui
1099 2009 1159 2052 vc·

167 2085 234 2152 bis
261 2085 384 2172 loqui
415 2085 542 2171 qussi
576 2084 886 2174 spiritalibus,
923 2083 1000 2154 sed
1029 2087 1159 2172 quasi

167 2185 430 2252 carnalibus.
462 2184 697 2273 Tamquam
730 2183 937 2270 parvulis
967 2183 1011 2250 in
1043 2184 1157 2250 Obri-

167 2295 229 2352 sto
261 2283 328 2348 lac
360 2283 490 2350 vobis
524 2294 673 2371 potum
709 2283 825 2366 dedi,
859 2305 940 2348 nou
972 2283 1163 2368 escam.³)
1217 2325 1218 2328 =

165 2384 254 2450 Hinc
276 2383 408 2471 Moyses
431 2405 451 2446 a
475 2393 600 2450 secreto
623 2383 688 2448 Dei
716 2386 832 2452 exiens
860 2392 1088 2450 coruscantem
1110 2407 1163 2450 co·
1217 2437 1218 2450 ,

166 2505 237 2548 ram
259 2481 380 2569 populo
406 2481 527 2546 faciem
549 2482 654 2564 velat3
683 2484 762 2569 quia
784 2482 937 2548 nimirum
959 2483 1069 2550 turbis
1092 2482 1158 2548 cln-

42 2619 45 2626 .
166 2582 277 2648 nitatis
298 2583 433 2648 intimae
456 2603 656 2649 arcananon
679 2577 853 2668 indicam)
895 2581 983 2648 Hinc
1004 2602 1063 2668 per
1086 2602 1162 2646 eurn
1217 2615 1218 2626 ,

166 2681 281 2746 divina
301 2703 382 2748 voce
404 2682 618 2766 praecipitur,
641 2689 678 2746 ut
700 2682 727 2746 is
751 2681 807 2768 qui
824 2681 1001 2746 cisternam
1022 2677 1158 2761 foderit,

166 2781 195 2845 si
217 2781 345 2862 operire
358 2779 556 2863 neglexerit,
580 2790 755 2846 corruente
777 2782 814 2844 in
835 2801 875 2844 ea
889 2779 975 2845 bove
996 2778 1163 2846 velarine

166 2882 311 2967 pretium
331 2875 459 2962 reddet,
473 2877 499 2964 ⁵)
522 2880 611 2966 quia,
625 2879 669 2946 ed
684 2878 754 2944 elta
767 2879 927 2945 scientiae
937 2878 1062 2944 fluenta
1085 2900 1160 2966 per·

167 2980 326 3060 veniens,
357 3002 429 3044 cum
460 2979 543 3046 haec
577 2979 668 3066 apud
700 2977 801 3044 brute
821 2978 1027 3048 audientium
1057 2977 1161 3044 corda

164 3101 232 3146 non
253 3079 421 3164 contegit,
451 3100 580 3164 poenae
607 3101 685 3144 reus
708 3079 891 3162 addicitur,
924 3078 952 3144 si
974 3099 1033 3165 per
1053 3077 1163 3142 verbu

167 3179 240 3265 ejus
262 3179 297 3243 in
321 3175 513 3244 scandalum
541 3179 611 3242 sive
639 3177 762 3244 munda
784 3178 855 3242 sive
871 3175 1046 3246 immunde
1066 3197 1165 3242 mens

167 3277 330 3364 capiatur.
373 3276 460 3340 Hinc
489 3275 533 3342 ud
554 3276 688 3344 beatum
708 3274 773 3344 Job
802 3276 937 3344 dicitur:
968 3275 1069 3355 Quis
1092 3273 1162 3340 de·

196 3451 219 3520 ¹)
237 3452 263 3506 S.
282 3453 401 3521 Gregorii
419 3468 513 3507 sensus
530 3453 574 3504 hic
590 3457 637 3517 est,
657 3452 761 3506 evenire
782 3465 867 3521 posse,
884 3457 913 3505 nt
923 3449 1012 3505 fideles
1029 3450 1055 3504 in
1070 3452 1161 3505 minc·

236 3539 307 3592 ribus
325 3541 396 3592 vitiis
413 3539 576 3608 aliquandiu
595 3538 721 3590 tolerandi
740 3538 804 3604 sint,
822 3553 874 3605 quo
892 3535 1000 3590 facilius
1016 3552 1033 3591 a
1051 3537 1161 3606 mejeri·

235 3623 284 3676 bus
302 3623 426 3677 tollentur
443 3625 631 3678 eteximentur.
648 3651 682 3662 -
701 3622 721 3688 ¹)
739 3626 832 3677 Metth.
849 3622 891 3692 24,
910 3624 952 3677 tu.
982 3623 1045 3676 Luc.
1065 3621 1108 3690 12,
1117 3621 1162 3679 42.

236 3735 269 3744 -
288 3705 311 3775 ³)
330 3708 353 3760 1.
372 3707 472 3776 Ocr.3,
491 3709 515 3761 1.
534 3737 564 3747 —
582 3705 604 3775 Α)
623 3707 824 3778 noturus.
851 3738 881 3750 -
910 3707 1034 3778 ·⁵)›ond.
1053 3703 1095 3777 2¹,
1112 3703 1161 3768 330
