2486 4222
462 299 711 408 ..43..ν

60 467 171 550 enim,
200 465 290 554 quod
309 469 441 532 nerum
469 465 535 532 sibi
556 485 754 553 aperuerse
776 463 970 532 viventibus
992 463 1060 530 exi·
1086 505 1089 511 -

61 575 166 654 gunt,
190 567 289 653 quasi
309 588 378 632 non
399 564 609 648 hominibus,
644 563 702 631 sed
733 552 1059 728 animalibuyoffii·

56 676 204 750 nentur,
235 667 315 753 quia
336 665 495 731 videlicet
526 689 571 730 ex
593 685 660 752 qua
682 677 778 750 parte
800 665 909 730 bestia
944 672 1060 732 esunt

58 761 200 846 subditi,
225 789 267 832 ex
277 789 318 830 ea
329 766 562 833 debentetiam
580 763 751 829 formidini
757 767 875 852 jacere
890 764 1059 830 substrati.

121 863 190 930 Sed
212 865 409 952 plerumque
432 873 540 930 'rector
563 864 701 951 eoipso,
724 881 790 948 quo
811 865 934 928 ceteris
955 883 1055 948 prae-

56 965 195 1046 eminet,
218 963 361 1032 elatione
383 962 593 1048 cogitationis
622 963 830 1041 intumescit,
860 973 893 1026 et
914 961 993 1028 dum
1014 961 1059 1029 ad

57 1085 158 1127 usum
191 1075 312 1130 cuncta
344 1061 537 1146 subjacent,
567 1063 645 1128 dum
680 1062 724 1127 ad
752 1069 863 1127 votum
896 1061 1060 1127 velociter

52 1163 157 1248 jussa
178 1160 408 1248 complentur,
430 1163 506 1228 dum
528 1184 641 1228 omnes
665 1159 808 1242 subditi,
834 1161 863 1225 si
884 1181 952 1247 que
973 1159 1060 1227 bene

57 1269 159 1344 gesta
189 1270 284 1342 sunt,
314 1260 474 1326 laudibus
504 1261 664 1344 efferunt,
695 1260 779 1326 male
811 1261 915 1345 gestis
948 1267 1061 1325 autem

56 1359 157 1424 nulla
178 1363 376 1427 auctoritate
398 1359 642 1444 contradicunt,
665 1361 742 1425 dum
764 1359 961 1447 plerumque
983 1358 1060 1423 lau-

57 1457 276 1544 deuteriam,
300 1461 389 1548 quod
410 1461 593 1550 reprobare
616 1457 814 1540 debuerant,
839 1459 994 1524 seductus
1017 1455 1060 1522 ab
1155 1469 1159 1476 '

57 1557 123 1641 his,
150 1581 238 1646 quae
258 1561 349 1625 infra
372 1572 565 1648 suppetunt,
590 1583 691 1646 super
715 1583 750 1624 se
773 1561 904 1625 animus
927 1551 1059 1622 extolli·

57 1669 125 1742 tur3
151 1669 185 1723 et
205 1659 282 1724 dum
304 1659 384 1726 foris
402 1663 559 1726 immenso
581 1660 698 1726 favore
713 1659 945 1738 circumdatur,
970 1658 1060 1720 intus

57 1758 200 1822 veritate
233 1771 416 1842 vacuatur,
453 1770 554 1847 atque
580 1759 706 1826 oblitus
733 1760 799 1841 sui,
834 1761 869 1822 in
896 1779 996 1822 voces
1027 1775 1062 1820 se

59 1858 191 1943 spargit
212 1857 359 1940 alienas,
382 1859 552 1948 talemque
576 1883 610 1924 se
628 1856 744 1942 credit,
769 1857 899 1944 qualem
923 1878 957 1920 se
979 1854 1060 1919 foris

58 1955 166 2038 audit,
188 1979 256 2022 non
279 1957 409 2043 qualem
433 1961 524 2024 intus
540 1959 730 2024 discernere
749 1957 873 2022 debuit.
919 1954 1059 2040 Subjec·

59 2069 110 2122 tos
134 2057 296 2144 despicit,
320 2078 444 2146 eosque
468 2057 629 2144 aequales
653 2057 717 2122 sibi
737 2068 878 2122 naturae
900 2052 1016 2120 ordine
1032 2049 1057 2138 ²)

60 2179 127 2222 non
158 2157 327 2241 agnoscit3
361 2167 393 2221 et
422 2178 504 2242 quos
542 2169 629 2221 sorte
662 2157 838 2242 potestatis
868 2151 1059 2233 excesserit,

60 2254 311 2322 transcendisse
335 2279 370 2321 se
394 2257 494 2321 etiam
516 2257 605 2321 vitae
626 2255 753 2320 meritis
765 2255 877 2320 credit.
922 2249 1061 2316 Cunctis

63 2377 98 2420 se
121 2356 280 2420 aestimat
294 2353 439 2442 amplius
455 2377 586 2443 sapere,
611 2353 733 2443 quibus
757 2375 791 2418 se
807 2351 899 2418 videt
920 2349 1063 2437 amplius

62 2453 216 2543 posse.²)
260 2455 301 2518 In
331 2453 473 2542 quodam
504 2456 628 2543 quippe
659 2475 694 2519 se
717 2453 889 2518 constituit
919 2449 1062 2516 culmine

64 2553 158 2640 apud
182 2555 403 2641 semetipsum,
427 2563 459 2619 et
481 2557 540 2639 qui
553 2576 665 2641 aequa
677 2554 796 2620 ceteris
819 2563 960 2616 naturae
983 2569 1060 2612 con·

63 2653 191 2721 ditione
224 2655 482 2738 constringitur,
519 2675 561 2718 ex
596 2674 705 2738 aequo
739 2653 903 2738 respicere
933 2655 1063 2714 eeteros

63 2754 285 2839 dedignatur:
307 2754 424 2840 sicque
445 2775 553 2839 usque
575 2751 620 2817 ad
642 2754 715 2839 ejus
730 2749 979 2818 similitudinem
1002 2750 1064 2814 du·

63 2855 169 2934 citur,
198 2851 239 2916 de
270 2875 336 2939 quo
359 2854 609 2939 scriptumest:
638 2849 771 2916 Omne
795 2849 979 2916 sublime
999 2850 1062 2913 vi·

64 2952 158 3035 det,
181 2963 223 3018 et
244 2953 336 3039 ipse
359 2963 421 3020 est
441 2973 513 3019 rex
537 2975 667 3039 super
687 2951 919 3016 universos
938 2948 1065 3015 filios

64 3051 314 3140 superbiae.
328 3051 354 3138 ³)
399 3051 468 3134 Qui
490 3051 658 3138 singulare
680 3049 812 3116 culmen
835 3059 1009 3136 appetens,
1033 3057 1067 3112 et

63 3179 353 3192 ——n———un—

91 3246 111 3315 ¹)
130 3246 195 3299 Alit.
214 3245 325 3314 origine.
345 3275 375 3284 -
396 3245 416 3314 ²)
434 3245 545 3297 Planius
563 3259 633 3297 more
644 3259 692 3296 suo
710 3249 735 3295 et
751 3241 868 3312 apertius
875 3237 901 3292 S.
909 3241 1060 3305 Hieronym.

134 3347 174 3402 sp.
193 3335 228 3386 ad
244 3337 321 3400 Nep:
347 3331 434 3400 „Illud
451 3332 528 3384 ctiam
546 3330 617 3398 dico,
635 3329 702 3398 qnod
720 3327 844 3396 Episcopi
862 3325 1015 3378 Sacerdotes
1032 3336 1061 3376 se

57 3477 60 3482 ,
134 3434 192 3474 esse
209 3420 337 3486 noverint,
354 3433 405 3472 nou
424 3417 564 3484 Domiuos3
582 3417 708 3467 honorent
722 3413 832 3467 elericos
851 3412 928 3480 quasi
946 3409 1063 3475 clericos,

134 3512 164 3558 ut
182 3505 288 3574 stipsis
306 3520 323 3556 a
341 3503 459 3568 clericis,
477 3504 556 3569 quasi
573 3499 711 3569 Episcopis
729 3489 967 3552 honor'deferarur.
1002 3493 1064 3547 Sci-

135 3596 189 3642 tum
205 3589 271 3643 illud
289 3597 328 3642 est
346 3587 464 3642 Oratoris
483 3585 599 3639 Domitii.
636 3585 704 3637 Gur
725 3598 788 3652 ego
812 3589 858 3650 to,
880 3581 976 3652 inquit,
1004 3583 1063 3634 ha·

136 3675 234 3729 bearn
253 3675 534 3744 utPriucipom,
555 3687 633 3724 curn
659 3675 695 3723 tn
718 3684 767 3723 ms
790 3685 857 3723 non
875 3668 1012 3722 habete
1030 3672 1066 3718 nt
1167 3669 1170 3675 '

135 3759 368 3815 Senatoremt‘
388 3789 417 3799 -
438 3754 534 3828 ¹)Job.
552 3750 594 3824 41,
612 3751 655 3814 25.
822 3753 826 3762 '
