2462 4220
482 251 775 335 -2235

86 415 234 483 domus
264 441 531 504 exasperans
562 429 637 483 est.
655 421 680 503 1)
723 419 773 483 Ac
796 419 824 481 si
846 428 962 504 aperte
985 419 1091 485 dicat:

88 501 218 565 Idcirco
240 499 302 564 tibi
323 501 584 585 praedicationis
612 523 716 564 sermo
741 499 884 580 toliitur,
907 504 988 587 quia
1011 502 1090 566 dum

86 605 141 646 me
163 583 199 646 in
223 585 291 646 suis
316 583 445 647 actibus
476 583 570 669 plebs
594 593 790 664 exasperat,
824 607 889 649 non
913 595 963 648 est
986 583 1089 668 digna

84 667 143 729 cui
173 665 360 730 exhortatio
388 667 542 730 veritatis
569 668 638 732 fiat.
691 667 744 728 Ex
773 668 869 751 cujus
900 689 979 750 ergo
1007 667 1089 731 vitio

83 747 314 835 praedicatori
337 769 442 814 sermo
466 748 694 828 subtrahatur,
715 770 783 811 non
793 748 895 812 facile
918 751 1088 832 cognosci-

84 841 154 895 tur.
199 829 290 909 Quia
313 853 394 896 vero
407 831 557 895 Pastoris
572 831 787 895 taciturnitas
810 830 992 914 aliquando
1014 831 1088 910 sibi,

84 934 220 996 semper
242 923 353 977 autem
373 914 537 998 ,subjectis
560 927 691 994 noceat,
715 913 897 976 certissime
922 915 1035 977 scitur.
1065 993 1070 996 -

149 999 179 1056 4.
216 993 282 1060 Sed
294 999 422 1059 utinam
448 997 476 1060 si
490 996 533 1059 ad
555 996 814 1081 praedicationis
838 996 996 1058 virtutem
1019 1019 1088 1060 non

83 1077 290 1159 sufficimus,
324 1078 390 1142 loci
419 1082 523 1142 nostri
554 1077 697 1143 officium
720 1080 753 1141 in
785 1079 975 1142 innocentia
997 1081 1088 1142 vitae

82 1168 271 1225 teneamus.
316 1161 402 1224 Nam
425 1160 594 1224 subditur:
625 1162 734 1225 Ecce
765 1182 837 1243 ego
869 1161 990 1223 mitto
1013 1183 1087 1224 vos

85 1244 199 1307 sicut
220 1265 351 1324 agnos
373 1246 489 1307 inter
513 1245 645 1329 lupos.
682 1243 784 1307 Multi
806 1251 917 1304 autem
940 1262 1012 1304 cum
1035 1263 1086 1304 re·

83 1327 222 1409 giminis
240 1329 324 1410 jura
347 1328 554 1411 suscipiunt,
578 1327 619 1388 ad
641 1324 838 1390 lacerandos
862 1323 1014 1388 subditos
1037 1325 1087 1386 in·

83 1407 280 1470 ardescunt:
296 1407 322 1488 ²)
345 1418 503 1473 terrorem
519 1411 697 1494 potestatis
716 1407 887 1487 exhibent,
909 1417 941 1469 et
964 1405 1088 1490 quibus

83 1489 247 1575 prodesse
270 1491 471 1570 debuerant,
506 1503 632 1554 nocent.
678 1492 723 1554 Et
752 1491 833 1574 quia
864 1491 1015 1552 caritatis
1038 1489 1087 1550 vi·

82 1593 182 1637 scera
204 1595 272 1636 non
294 1572 430 1654 habent,
456 1575 579 1638 domini
593 1572 703 1636 videri
716 1582 891 1658 appetunt,
915 1581 1029 1657 patres
1052 1591 1088 1633 se

84 1675 161 1717 esse
183 1655 317 1717 minime
338 1667 592 1739 recognoscunt:
615 1655 814 1720 humilitatis
829 1655 938 1718 locum
960 1655 994 1718 in
1018 1651 1086 1716 ela·
1124 1681 1131 1702 ν

81 1738 209 1800 tionem
232 1735 468 1802 dominationis
483 1739 673 1803 immutant:
697 1749 730 1802 et
752 1739 779 1801 si
803 1735 936 1822 quando
960 1735 1087 1800 extrin-

83 1840 182 1882 secus
204 1817 435 1903 blandiuntur,
458 1821 661 1884 intrinsecus
679 1823 844 1888 saeviunt.
887 1822 940 1884 De
963 1815 1088 1904 quibus

82 1900 172 1964 alias
184 1901 320 1965 Veritas
335 1903 429 1966 dicit:
451 1904 632 1966 Veniunt
655 1902 704 1965 ad
728 1925 796 1966 vos
812 1903 851 1964 in
868 1903 1087 1966 vestimen-

81 1985 140 2048 tis
160 1985 303 2065 o'vium,
320 1985 572 2050 intrinsecus
588 1993 722 2048 autern
739 1995 833 2048 sunt
855 1983 945 2068 lupi
967 2001 1086 2066 rapa-

82 2085 126 2130 ce
136 2087 162 2128 s.
178 2063 205 2149 3)
250 2065 378 2130 Contra
397 2087 483 2152 quae
497 2069 606 2132 omnia
620 2065 898 2130 considerandum
911 2064 1010 2130 nobis
1025 2069 1087 2144 est,

83 2149 166 2234 quia
190 2148 276 2211 sicut
296 2151 379 2231 agni
399 2153 488 2214 inter
504 2151 601 2234 lupos
613 2152 786 2229 mittimur,
810 2159 848 2214 ut
860 2168 995 2212 sensum
1017 2167 1086 2209 ser-

81 2239 203 2294 vantes
224 2231 448 2314 innocentiae,
470 2253 617 2297 morsum
639 2232 786 2296 malitiae
802 2253 869 2295 non
892 2229 1087 2306 habeamus.

81 2311 153 2393 Qui
176 2314 262 2375 enirn
284 2312 391 2378 locum
403 2314 665 2400 praedicationis
686 2315 835 2401 suscipit,
857 2312 944 2376 mala
960 2309 1087 2375 inferre

80 2415 153 2459 non
174 2393 291 2476 debet,
316 2395 375 2459 sed
398 2396 557 2462 tolerare:
587 2407 626 2461 ut
648 2420 691 2462 ex
711 2399 785 2484 ipsa
809 2419 870 2460 sua
892 2401 1087 2458 mansuetu·

81 2475 164 2540 dine
188 2477 273 2539 iram
295 2480 517 2544 saevientium
540 2481 693 2565 mitiget,
724 2489 758 2544 et
781 2488 991 2564 peccatorum
1014 2473 1089 2538 vu}-

81 2579 167 2622 nera
195 2559 230 2622 in
265 2557 343 2626 aliis
376 2564 448 2647 ipse
478 2561 718 2629 afflictionibus
752 2561 953 2626 vulneratus
983 2565 1089 2621 sanet.

83 2641 195 2719 Quem
217 2651 249 2705 et
272 2645 301 2705 si
323 2643 459 2729 quando
481 2643 579 2709 aelus
597 2645 806 2710 rectitudinis
821 2643 927 2725 exigit
947 2647 986 2705 nt
1007 2661 1043 2703 er
1067 2659 1088 2702 a

82 2721 256 2808 subjectos
277 2729 425 2805 saeviat,
448 2727 544 2790 furor
571 2729 644 2813 ipse
668 2727 709 2792 de
733 2747 843 2792 amore
866 2727 927 2805 sit,
957 2745 1024 2788 non
1043 2659 1088 2792 de

81 2805 302 2889 crudelitate3
325 2819 491 2894 quatenus
513 2820 546 2874 et
564 2814 644 2896 jura
660 2808 863 2892 disciplinae
886 2806 968 2872 foris
992 2803 1088 2871 exhi·-

81 2887 175 2968 beat,
207 2900 241 2953 et
268 2892 360 2955 intus
390 2902 531 2976 paterna
563 2895 689 2978 pietate
719 2892 856 2974 diligat,
883 2909 975 2975 -quos
1005 2887 1089 2954 foris

81 2971 183 3056 quasi
204 2971 413 3058 insequendo
436 2977 520 3039 casti
546 2985 590 3038 at
633 2974 733 3053 Quod
754 2984 835 3040 tnnc
850 2971 943 3050 ¹bene
965 2973 1089 3036 Rector

81 3050 233 3134 exhibet,
257 3074 331 3118 cum
355 3059 501 3142 seipsum
519 2997 662 3142 diligere
685 3079 745 3142 per
757 3077 902 3121 amorem
919 3054 1088 3139 privatum

80 3135 207 3218 nescit,
237 3156 311 3200 cum
331 3138 425 3203 nulla
454 3161 542 3226 quae
564 3141 680 3204 mnndi
706 3151 803 3220 sunt,
834 3137 982 3223 appetit,
1012 3153 1088 3198 cum

79 3227 240 3282 terrenae
250 3222 446 3306 cupiditatis
459 3221 617 3287 oneribus
627 3241 843 3308 nequaqnam
857 3217 978 3285 mentis
996 3213 1089 3290 colla

82 3317 148 3384 nup
173 3301 285 3366 onitu
330 3327 335 3336 ·
382 3323 384 3331 ’

145 3321 174 3449 d
208 3384 307 3449 Unde
330 3393 365 3448 et
385 3385 560 3451 subditur:
583 3386 726 3452 Nolite
745 3395 922 3472 portare
944 3399 1088 3446 saecu·

81 3463 184 3548 ium,
206 3488 345 3553 neque
368 3491 534 3554 peram,
557 3491 694 3554 neque
716 3467 1030 3534 calceamenta:
1047 3472 1090 3530 at

84 3625 196 3639 Ψ-Ἶ-

110 3712 130 3774 ¹)
148 3711 243 3767 Bucen
261 3710 286 3780 3,
305 3713 348 3766 26.
359 3741 391 3752 -
407 3667 431 3781 ¹²)
449 3715 514 3768 Aut.
532 3729 621 3768 euram
640 3669 798 3782 susapiunt
813 3741 846 3752 -
865 3671 987 3782 auant.
1007 3709 1086 3804 t,1t.
