2462 4220
538 243 763 312 ..2oe-

159 415 256 474 sueta
276 405 374 473 malis
395 405 531 474 levibus
551 431 614 474 neo
635 411 754 494 gravia
776 408 1026 496 perhorreseat,
1054 419 1159 494 atque

158 506 203 571 ad
224 507 400 590 quamdam
422 507 653 574 auctoritatem
675 510 847 596 nequitiae
868 531 930 595 per
958 507 1078 595 culpas
1100 529 1162 574 nu-

158 609 238 674 trita
271 609 462 694 perveniat;
499 618 532 673 et
562 617 656 674 tanto
685 609 720 673 in
749 607 935 694 majoribus
968 615 1163 674 contemnat

159 709 412 792 pertimescere,
438 717 562 790 quanto
580 708 617 774 in
632 709 777 774 minimis
793 707 908 776 didicit
924 729 991 774 non
1012 707 1162 774 timendo
1220 732 1221 816 l

160 827 309 895 peceare.

222 905 268 970 At
289 915 404 970 eontra
425 905 624 972 admonendi
646 915 741 991 sunt,
774 908 832 993 qui
862 927 896 972 se
919 927 939 970 a
965 907 1084 992 parvis
1106 926 1164 972 cu·

162 1002 327 1087 stodiunt,
359 1003 416 1070 sed
445 1005 625 1091 aliquando
655 1008 691 1072 in
719 1006 881 1091 gravibus
909 1006 1163 1089 demerguntur,

163 1113 201 1168 ut
223 1103 359 1170 sollicite
383 1106 510 1192 seipsos
534 1103 804 1192 deprehendant3
826 1108 905 1188 quia
927 1105 1005 1170 dum
1027 1128 1086 1171 cor
1108 1128 1164 1172 eo-

161 1227 236 1270 rum
258 1203 300 1268 de
323 1205 494 1272 custoditis
510 1206 653 1270 minimis
670 1205 856 1286 extollitur,
879 1205 922 1270 ad
935 1204 1166 1292 perpetranda

160 1305 319 1389 graviora
340 1306 413 1390 ipso
436 1303 589 1370 elationis
612 1327 692 1370 suae
714 1303 873 1370 barathro
895 1305 1106 1370 devorantur
1124 1302 1165 1388 ¹),

164 1413 198 1467 et
219 1404 299 1468 dum
320 1403 402 1469 foris
423 1405 489 1467 sibi
511 1425 618 1489 parva
640 1402 841 1489 subjiciunt,
864 1403 922 1468 sed
943 1425 1003 1491 per
1025 1404 1164 1468 inanem

162 1503 303 1586 gloriam
325 1503 415 1568 intus
438 1503 678 1583 intumescunt,
708 1502 871 1587 languore
901 1502 1083 1590 superbiae
1112 1505 1165 1568 in·
1221 1537 1222 1540 ¹

160 1604 325 1667 trinsecus
348 1601 469 1668 vietam
490 1611 631 1668 mentem
654 1604 755 1668 etiam
775 1603 866 1668 foras
895 1625 958 1688 per
978 1601 1068 1667 mala
1091 1623 1164 1666 ma·

157 1702 234 1788 jora
255 1711 479 1786 prosternunt
522 1701 732 1768 Admonendi
753 1725 833 1788 ergo
857 1712 953 1784 sunt,
986 1703 1045 1784 qui
1078 1723 1116 1766 se
1143 1721 1165 1766 a

160 1800 276 1888 parvis
298 1801 507 1882 custodiunt,
542 1799 602 1867 sed
630 1801 812 1889 aliquando
839 1804 873 1866 in
905 1800 1071 1886 gravibus
1104 1799 1161 1865 de-

160 1910 376 1984 merguntur,
404 1924 445 1966 ne
468 1899 528 1966 ubi
556 1924 591 1967 se
618 1912 708 1968 stare
738 1903 946 1967 extrinsecus
973 1902 1165 1981 aestimant,
1222 1877 1223 1968 l

160 1996 210 2064 ibi
231 2001 434 2067 intrinsecus
456 1999 596 2084 cadant,
629 2010 661 2066 et
677 2002 778 2088 juxta
799 2000 941 2070 districti
965 2000 1089 2088 judicis
1111 2019 1164 2066 re·
1222 2013 1223 2020 ’

160 2097 375 2165 tributionem
403 2098 505 2167 elatio
534 2100 672 2166 minoris
694 2099 850 2186 justitiae
878 2100 936 2166 via
964 2099 1022 2166 liat
1051 2099 1099 2168 ad
1119 2100 1167 2164 lo·

159 2221 262 2269 veam.
282 2201 449 2286 gravioris
479 2200 608 2287 culpae.
654 2191 723 2280 Qrii
751 2201 839 2266 enim
867 2219 953 2264 vane
970 2197 1063 2264 elati
1087 2198 1168 2268 boni

159 2300 287 2366 minimi
308 2297 491 2365 custodiam
514 2301 582 2366 suis
602 2299 731 2366 viribus
752 2300 923 2382 tribuunt,
945 2299 1039 2384 juste
1060 2297 1158 2365 dere·
1223 2347 1224 2364 t

159 2397 233 2464 lioti
253 2397 361 2484 culpis
382 2399 567 2484 majoribus
583 2399 787 2482 obruuntur3
809 2407 844 2464 et
860 2396 1009 2464 osdendo
1023 2399 1160 2464 diseunt
1223 2425 1224 2466 ι

160 2521 228 2568 non
248 2497 354 2564 fuisse
377 2500 567 2586 proprium,
598 2498 686 2583 quod
707 2505 889 2581 steterunt,
922 2507 959 2564 ut
983 2496 1073 2562 mala
1096 2498 1158 2561 im·

142 2619 277 2682 'mensa
298 2619 354 2666 eor
376 2599 579 2686 reprimant,
613 2596 702 2682 quod
722 2598 857 2663 minima
882 2595 973 2664 bona
993 2595 1158 2664 exaltant.
1221 2617 1224 2660 ι

160 2697 370 2765 Admonendi
391 2708 487 2783 sunt,
509 2707 547 2764 ut
568 2697 791 2780 considerent,
825 2695 913 2788 quod
935 2705 970 2764 et
989 2697 1026 2762 in
1047 2697 1159 2783 culpis

162 2798 375 2884 gravioribus
396 2797 469 2875 jalto
491 2797 594 2865 'reatu
623 2821 658 2864 se
686 2797 851 2883 obligant,
885 2807 1057 2864 ettamen
1084 2795 1159 2884 ple·

57 2907 63 2918 '
161 2917 302 2979 rumque
330 2898 364 2965 iu
392 2899 525 2986 parvis,
558 2919 644 2982 quae
665 2897 871 2981 custodiunt,
903 2896 1051 2964 deterius
1079 2915 1159 2983 pea-

163 3006 255 3080 oant3
278 2997 357 3084 quia
379 3007 414 3063 et
433 2996 561 3064 inillis
581 2998 861 3082 iniquafaeiunt,
894 3006 927 3063 et
949 3017 1010 3085 per
1031 2997 1100 3062 ista
1123 3015 1160 3062 se
1201 3009 1224 3054 a

162 3095 364 3181 hominibus,
378 3097 466 3184 quod
479 3099 586 3183 iniqui
603 3109 689 3181 sunt,
698 3106 824 3183 tegunt
854 3096 1011 3180 Undefit
1033 3105 1070 3160 nt
1081 3117 1160 3162 oum

163 3201 294 3285 majora
305 3197 392 3264 mala
405 3209 600 3287 perpetrant
621 3221 731 3265 eoram
751 3197 845 3283 Deo,
868 3207 1007 3284 apertae
1032 3195 1159 3280 iniqui·
1223 3223 1224 3242 ι

163 3299 244 3364 tatis
267 3297 310 3364 sit
324 3297 369 3386 ²),
393 3305 517 3363 etcum
540 3322 646 3387 parva
667 3299 755 3366 bona
773 3298 962 3368 custodiunt
972 3317 1086 3364 coram
1100 3293 1161 3361 ho·
1211 3335 1216 3346 ·

162 3396 327 3482 minibus,
342 3390 525 3464 'simulatae
541 3399 739 3468 sanctitatis.
779 3399 866 3466 Hine
883 3405 941 3480 est,
952 3396 1048 3478 enim,
1069 3392 1163 3478 quod

165 3497 360 3572 Pharisaeis
380 3497 518 3566 dieitur:
548 3498 786 3586 Liquentes
808 3497 999 3581 oulioem,
1030 3516 1160 3564 oame-

200 3714 221 3778 ¹)
238 3714 302 3768 Alit
320 3713 458 3768 devoratur
474 3729 511 3770 se.
529 3731 582 3771 eor.
651 3713 673 3782 ¹)
690 3713 755 3770 Alit.
772 3713 839 3768 sint>
