2486 4222
431 229 638 322 ..55-

36 420 237 508 ingredimt‘,
261 433 298 488 ut
320 415 583 488 abominationes
607 421 768 508 aspiciat,
793 424 852 509 qui
872 421 1038 509 discussis

37 509 235 608 quibusdum
264 516 370 606 signis
398 521 547 587 exterius
576 520 821 606 apparentibus
850 523 897 587 ito
928 519 1032 587 corde

37 612 242 686 subditorum
265 629 436 706 penetrat,
459 624 497 684 ut
518 624 640 683 cuncta
663 618 712 701 ei,
736 634 822 706 quae
843 617 960 685 illicite
979 637 1031 685 co·

36 719 203 805 gitantur,
236 719 457 785 innotescant.
500 714 599 784 Unde
631 727 664 781 et
695 711 857 784 subdidit:
890 717 942 784 Et
970 719 1031 785 in·

37 841 209 902 gressus
230 818 339 900 vidi3
365 828 404 883 et
426 839 520 883 ecoe
542 817 673 881 omnis
692 812 923 884 similitudo
942 833 1032 902 rep·

37 915 192 998 tilium,
235 925 276 981 et
310 911 569 980 animalium
602 913 888 982 abominatio.
912 915 938 1004 ¹)
991 917 1032 983 In

36 1015 212 1103 reptilibus
241 1013 458 1100 cogitationes
491 1015 622 1080 omnino
655 1025 810 1082 terrenae
842 1017 1031 1102 signantur,

37 1117 68 1182 iu
90 1111 291 1182 animalibus
314 1135 392 1180 vero
411 1117 483 1203 jum
497 1111 630 1200 quidem
645 1113 889 1200 aliquantulum
905 1138 926 1180 a
942 1127 1033 1182 terre

37 1232 241 1303 suspensae,
276 1214 334 1280 sed
364 1211 475 1279 adhuc
502 1223 658 1278 terrenae
691 1213 852 1280 mercedis
884 1217 1033 1302 praemia

37 1317 255 1401 requirentes.
298 1312 384 1378 Nam
403 1309 536 1400 reptilia
557 1323 625 1378 tcto
648 1335 690 1378 cx
705 1334 843 1402 corpore
859 1315 1032 1380 terracin-

37 1412 187 1496 haerent,
228 1411 390 1478 animalia
417 1422 529 1477 sutem
557 1433 681 1498 magne
709 1425 804 1500 parte
834 1415 981 1503 corporis
1011 1437 1032 1479 a

38 1523 125 1579 terra
149 1532 314 1600 suspense
337 1521 432 1594 sunt,
465 1515 616 1598 appetitu
639 1523 751 1580 tamen
772 1515 874 1600 gulae
903 1514 946 1580 ud
966 1525 1032 1581 ter-

38 1636 105 1680 rem
128 1631 258 1702 semper
279 1611 494 1680 inclinentur.
535 1611 685 1700 Reptilia
707 1613 822 1700 itaque
845 1621 924 1680 sunt
945 1615 1033 1681 intra

37 1715 216 1802 parietem,
253 1709 388 1800 quando
410 1713 628 1797 cogitationes
650 1713 831 1780 volvuntur
852 1716 888 1780 in
909 1723 1033 1797 mente,

39 1835 120 1899 quae
144 1835 164 1880 a
186 1811 331 1877 terrenis
354 1811 531 1877 desideriis
553 1833 735 1900 numquam
751 1811 917 1880 levantur.
951 1813 1034 1880 Ani·
1122 1847 1126 1852 ·

39 1914 136 1977 maiia
160 1928 292 1998 quoque
316 1919 394 1977 sunt
415 1911 504 1978 intra
517 1913 695 1998 parietem,
719 1913 853 1999 quando
869 1920 904 1977 et
923 1915 1035 2000 siqua

35 2013 101 2098 jam
118 2014 237 2100 justa,
271 2011 300 2076 si
328 2030 395 2098 qua
421 2009 563 2078 honeste
593 2013 799 2097 cogitantur,
836 2013 1035 2101 appetendis

39 2123 146 2177 tamen
169 2109 271 2206 iuopis
292 2109 536 2198 temporalibus
557 2109 806 2198 honoribusque
829 2110 1036 2193 deserviunt,

39 2222 69 2277 et
88 2221 151 2300 per
174 2209 353 2299 semetipso
370 2209 505 2298 quidem
513 2213 584 2299 jam
605 2211 703 2296 quasi
721 2233 741 2274 e
763 2219 855 2274 terre
871 2226 1037 2297 suspense

39 2321 132 2395 sunt,
149 2309 214 2375 sed
236 2307 345 2378 adhuc
365 2330 426 2399 per
447 2310 607 2376 ambitum
630 2309 727 2395 quasi
749 2325 810 2397 pe'r
833 2308 933 2396 gulae
948 2307 1035 2375 desi·
1084 2345 1089 2354 ·

39 2411 165 2476 derium
186 2426 258 2477 sese
282 2407 325 2475 ad
347 2411 413 2475 ime
438 2410 646 2476 submittunt.
681 2408 780 2476 Unde
803 2419 837 2475 et
853 2409 940 2474 bene
955 2409 1034 2474 sub·

40 2509 139 2577 ditur:
173 2511 225 2577 Et
247 2511 454 2576 universe
484 2509 609 2575 idola
632 2509 775 2575 domus
798 2509 943 2576 Isruel
973 2508 1034 2573 de·

40 2613 155 2700 picts
178 2614 304 2676 erint
325 2610 367 2676 in
382 2613 560 2698 pariete.
578 2606 604 2697 2)
650 2608 818 2698 Scriptum
837 2603 960 2696 quippe
976 2612 1037 2674 est:

40 2709 88 2777 Et
111 2693 314 2792 siveritis,
338 2728 447 2796 quse
470 2707 764 2775 estidolorum
788 2701 1035 2792 servitus.³)

39 2809 139 2876 Recte
162 2822 242 2894 ergo
264 2819 340 2898 post
361 2805 518 2874 animalia
546 2807 637 2874 idola
659 2804 912 2891 describuntur,
943 2807 1034 2895 quis,

41 2911 98 2975 etsi
118 2909 261 2976 honesta
293 2911 423 2976 actione
454 2905 608 2974 nonnulii
633 2908 700 2972 iam
723 2908 821 2994 quasi
843 2931 864 2973 a
885 2917 1036 2974 terrase

41 3011 191 3096 erigunt,
224 3008 405 3075 ¹ambitione
429 3017 542 3074 tamen
563 3005 740 3072 inhoneste
764 3007 963 3095 ‘semetipsos
991 3001 1036 3071 nd

40 3118 160 3174 terram
187 3106 367 3196 deponunt.
417 3105 508 3172 Bene
537 3115 648 3172 sutem
677 3105 817 3192 dicitur,
849 3105 1037 3193 Depicts

42 3218 180 3276 erant:
214 3209 311 3298 quis,
345 3206 425 3273 dum
455 3207 656 3272 exteriorum
690 3223 801 3273 rerum
832 3209 1037 3273 intrinsecus

43 3311 171 3396 speeies
188 3306 414 3390 attrahuntur,
439 3309 537 3395 quasi
550 3308 586 3373 in
598 3306 696 3372 corde
713 3306 917 3396 depingitur,
940 3305 1036 3395 quid-

45 3407 124 3496 quid
133 3405 221 3476 flctis
235 3408 442 3493 imaginibus
456 3404 673 3473 deliberando
686 3407 859 3494 cogitatur.
908 3403 1036 3475 Notan-

43 3504 118 3572 dum
131 3508 323 3596 itaqueert,
348 3508 430 3594 quis
441 3507 536 3595 prius
546 3505 697 3575 foucmerr
708 3506 744 3574 iu
754 3508 895 3595 pariete,
918 3526 958 3572 so
979 3505 1034 3573 de·

77 3727 97 3790 s
112 3713 209 3782 eser.
226 3715 253 3796 s,
272 3722 313 3782 rc.
333 3756 365 3767 -
383 3710 405 3792 t
423 3719 517 3781 nus.
532 3717 560 3797 e,
577 3717 620 3782 ro.
638 3746 673 3771 -·
691 3723 716 3796 ⁸)
734 3726 835 3783 ceron
854 3729 878 3794 s.
895 3723 922 3781 s.
