2462 4220
452 271 680 340 .-131-

63 441 357 513 seembs-ionibus
373 441 505 526 rogitus
526 437 732 508 insidiatoris
747 441 963 528 superentur.
995 439 1067 522 ure

62 550 160 613 mn
182 541 354 608 ardentius
375 537 462 606 solet
474 540 570 624 erigi,
593 545 721 626 quanto
737 536 917 606 robustius.
930 561 966 606 sc
984 561 1067 607 eone

65 642 289 731 spicit‘rincir
306 649 473 726 'tantoque
487 635 737 705 intolerabilius
750 635 953 724 dedignatur
962 639 1065 720 vinei,¹

65 751 196 831 quanto
216 749 333 808 contra
356 761 391 804 se
413 739 505 804 videt
533 761 594 824 per
615 738 751 821 integra
776 737 928 802 infirmae
950 739 1064 806 carnis

62 852 179 912 castra
211 840 365 926 pugnari.
417 836 628 905 Admonendi
657 845 752 920 sunt,
787 845 826 902 ut
855 838 1065 904 incessanter

63 941 218 1029 praemia
239 941 454 1028 suspiciant,.
472 950 506 1004 et
527 936 672 1004 libenter
694 935 809 1024 procul
831 935 934 1003 dubio
955 943 1064 1002 tenta·

63 1043 193 1109 tionum
227 1061 312 1128 quas
345 1037 494 1104 tolerant
527 1036 660 1102 labores
681 1034 870 1102 calcabunt.
916 1036 953 1102 Si
973 1037 1065 1102 eninr

63 1139 261 1208 attendatur
286 1139 447 1222 felicitas,
482 1157 570 1223 quae
598 1137 670 1202 sine
703 1137 848 1203 transitu
878 1137 1066 1220 attingitur,

63 1239 143 1306 leve
163 1239 213 1322 fit,
239 1236 328 1326 quod
342 1235 549 1305 transeundo
564 1235 747 1302 laboratur.
789 1233 952 1317 Audiant,
978 1233 1066 1321 quod

63 1363 129 1428 per
159 1337 357 1428 prophetam
386 1336 525 1403 dicitur:
559 1335 673 1402 Haeo
701 1336 809 1401 dicit
840 1334 1065 1401 Dominus

65 1438 290 1506 eunuchis:
317 1436 406 1518 'Qui
434 1437 731 1510 custodierint
761 1434 943 1502 sabbata
963 1454 1064 1514 mea,

65 1549 104 1605 et
135 1537 362 1623 elegerint,
391 1557 497 1623 quae
528 1536 666 1619 volui,
695 1545 735 1601 et
761 1535 916 1601 foedus
937 1553 1066 1598 meum

64 1637 307 1704 tenuerint:
337 1637 443 1703 dabo
467 1638 530 1701 eis
552 1638 595 1702 in
617 1635 731 1702 domo
753 1658 842 1701 mea
864 1645 904 1700 et
925 1635 967 1699 in
988 1653 1066 1698 mu-

65 1739 129 1803 ris
150 1737 253 1802 meis
274 1736 430 1818 Ιοοιιιιι,χ
452 1747 490 1802 et
510 1759 654 1802 nomen
675 1733 824 1800 melius
846 1759 867 1800 a
888 1733 1006 1800 filiis
1026 1741 1068 1796 et

65 1835 262 1902 filiabus.
280 1836 305 1924 ¹)
350 1833 508 1902 Eunuchi
530 1837 655 1923 quippe
677 1845 765 1917 sunt,
790 1835 849 1923 qui
868 1831 1067 1921 compressis

66 1935 213 2004 motibus
239 1937 351 2002 carnis
377 1934 532 2001 affectum
562 1937 598 2000 in
626 1958 661 2000 sc
690 1936 791 2022 pravi
819 1936 931 2022 operis
958 1932 1067 1998 absoi·

66 2035 162 2102 dunt.
213 2035 289 2116 Quo
321 2045 432 2101 eutem
465 2034 557 2121 apud
589 2035 723 2100 Patrem
758 2034 830 2100 loco
865 2033 1067 2116 habeantur,

66 2135 269 2220 ostenditur3
299 2137 380 2223 qnia
408 2138 445 2202 in
478 2135 573 2202 domo
604 2135 718 2200 Petris
744 2133 897 2200 videlicet
927 2142 1068 2198 aeterna

65 2237 241 2302 mansione
265 2238 363 2302 etiam
385 2233 462 2301 filiis
494 2234 742 2323 praeferuntur.
784 2233 951 2319 Audiaut,
967 2231 1069 2318 qiud

66 2358 129 2424 per
149 2335 315 2402 Joannsm
337 2335 476 2402 dieitur:
504 2335 557 2400 Hi
580 2343 693 2415 sunt,
726 2335 797 2421 qui
819 2355 905 2400 cum
926 2323 1068 2398 mistos-

66 2435 191 2502 ribus
213 2458 298 2502 non
321 2445 417 2502 sunt
439 2435 720 2520 coinquinati:
745 2434 936 2519 virginee
958 2427 1071 2500 enim

68 2545 188 2618 sunt,
220 2545 259 2601 et
288 2544 531 2624 sequuntur
561 2535 748 2620 Agnum,
767 2553 1070 2641 quocumque

67 2637 183 2702 ierit.
203 2637 229 2722 ²)
274 2637 319 2702 Et
347 2635 437 2722 quod
466 2628 632 2702 canticum
664 2618 819 2716 oantabt,
855 2633 985 2721 quod
973 2655 1070 2702 nemo

66 2745 179 2824 potest
199 2736 322 2820 dicere,
347 2737 413 2802 nisi
434 2734 494 2800 illa
517 2744 648 2800 centum
677 2733 916 2850 quadraginta
926 2745 1072 2822 quatuor

66 2835 184 2902 millia.
229 2834 416 2921 Singularit
418 2857 454 2901 er
469 2836 594 2923 quippe
617 2844 696 2901 cant
699 2835 785 2899 ioum
808 2834 906 2920 Agno
931 2833 1079 2903 cantare'

67 2947 134 3018 est,
156 2957 232 3001 cnm
246 2957 285 3000 eo
300 2935 548 3022 inperpetuum
563 2957 645 3022 prae
662 2935 789 3000 cunctis
800 2933 955 3002 fidelibus
971 2939 1071 3004 etiam

69 3034 110 3101 de
135 3035 385 3122 incorruptione
398 3037 508 3102 carnis
522 3036 678 3122 gaudere.
723 3033 821 3116 Quod
836 3029 948 3102 tarnen
972 3036 1071 3103 electi

66 3136 175 3202 ceteri
188 3135 354 3200 canticum
366 3133 483 3200 audire
493 3145 646 3222 possunt,
671 3127 871 3202 licet‘dioerc
882 3146 1071 3220 nequeaut3

70 3237 154 3324 quia
180 3258 241 3324 per
269 3237 442 3303 caritatem
474 3235 609 3322 quidem
639 3237 672 3302 in
707 3234 843 3321 illorum
871 3235 1071 3302 celsitudine

68 3336 253 3419 laetisunt,
275 3336 428 3423 quamvis
448 3334 492 3402 ad
508 3358 623 3402 eorum
637 3338 787 3424 praemia
801 3357 868 3402 non
879 3343 1070 3420 assurgant

66 3435 224 3504 Audiant
244 3447 452 3524 peccatorum
474 3439 585 3502 carnis
608 3439 738 3521 ignari,
763 3436 851 3524 quod
868 3457 929 3522 per
952 3443 1070 3501 semet·

69 3537 186 3624 ipsane
203 3534 245 3601 de
266 3535 332 3602 bac
340 3537 534 3624 integritate
548 3537 685 3604 Veritas
706 3536 800 3603 dicit:
822 3535 909 3604 Non
930 3557 1071 3604 omnes

108 3747 209 3816 ¹)1sai.
227 3748 269 3819 56,
287 3748 312 3803 l.
330 3749 356 3804 5.
377 3779 411 3790 -
430 3747 450 3819 ¹)
467 3753 549 3820 Apoa
570 3749 611 3820 lt,
628 3749 654 3805 i.
