2462 4220
568 243 795 314 ...aab

178 407 267 475 bene
288 415 408 478 mas
429 405 581 476 &dens
604 407 645 474 de
666 407 824 476 membris
844 408 916 476 suis
931 406 1178 476 infirmantibus

181 487 279 556 dicit:
323 489 568 558 Posuerunt
601 512 659 555 me
693 491 916 558 custodem
945 492 987 556 in
1015 491 1178 569 vineis

177 573 346 638 vineam
386 593 516 637 meam
563 594 644 640 non
690 570 919 638 custodivi.
957 570 982 657 ¹)
1054 573 1177 640 Vineae

203 655 306 740 nippe
332 662 466 720 nostrae
498 655 648 720 actiones
671 665 767 736 sunt,
799 676 884 742 quas
906 677 970 720 usu
994 653 1178 740 quotidiani

179 677 312 802 laboris
341 734 534 801 excolimus.
579 735 645 801 Sed
677 737 832 802 custodes
866 739 902 802 in
931 737 1043 802 vineis
1072 736 1178 826 positi,

180 828 331 886 nostram
353 817 485 884 vineam
507 819 643 884 minime
672 819 889 886 custodimus:
923 819 1004 905 quia
1027 819 1109 884 dum
1130 839 1179 884 ex·

99 915 103 922 '
181 900 310 967 transis
330 900 518 966 actionibus
539 901 584 966 im
610 899 769 986 licamur,
798 901 1020 969 ministerium
1044 900 1181 968 actionis

180 991 314 1050 nostrae
335 980 550 1066 negligimus.
627 982 733 1048 ullum
748 994 840 1070 puto,
863 983 989 1050 fratres
1008 983 1181 1064 carissimi,

179 1063 223 1128 ab
244 1063 318 1128 aliis
341 1065 451 1150 majus
473 1063 738 1212 praepucium,
775 1089 875 1152 quam
904 1087 925 1131 a
953 1063 1181 1133 sacerdotibus

181 1145 307 1212 tolerat
328 1145 435 1229 Deus,
459 1169 550 1232 quan
576 1169 594 1212 o
617 1169 673 1212 ecs
691 1170 776 1234 quos
794 1148 838 1213 sd
852 1147 995 1214 aliorum
1009 1149 1181 1214 correctio·

179 1251 256 1298 nem
303 1230 407 1308 osuit,
441 1228 522 1294 dere
545 1229 587 1294 de
614 1251 649 1294 se
678 1229 832 1316 exemplo
859 1230 1039 1316 pravitatis
1061 1231 1181 1296 cernit:

181 1251 317 1398 quanio
338 1309 407 1396 ipsi
428 1332 622 1396 peccamus,
646 1313 704 1397 qui
726 1323 935 1398 compescere
959 1323 1102 1398 peccate
1131 1311 1180 1376 de·

180 1393 323 1458 buimus.
368 1393 585 1480 Plerumque,
618 1393 708 1480 quod
732 1406 783 1460 est
804 1395 961 1478 gravius,
992 1394 1180 1460 sacerdotes

205 1477 241 1540 ni
262 1477 399 1561 propria
421 1473 503 1540 dere
526 1474 725 1557 debuerant,
751 1479 850 1544 etiam
871 1476 986 1544 nliena
1008 1477 1181 1564 diripiunt

181 1497 403 1644 imumque,
436 1560 465 1622 si
488 1581 571 1646 quos
592 1559 779 1640 humiliter,
812 1560 841 1624 si
896 1581 956 1626 uos
977 1561 1182 1626 continenter

180 1641 297 1704 vivere
319 1641 547 1724 conspiciunt,
572 1641 721 1706 irrident.
766 1582 985 1708 (lonsiiierste
1005 1663 1090 1725 ergo
1107 1639 1181 1728 quid

181 1721 221 1786 de
244 1722 411 1805 gregibus
433 1730 567 1805 agetur,
591 1723 726 1808 quando
748 1733 903 1810 pastores
925 1723 998 1809 lupi
1010 1724 1109 1788 liunt.
1141 1723 1179 1786 Hi

181 1803 269 1870 enirn
290 1802 474 1870 custodiam
496 1805 611 1888 gregis
625 1807 822 1890 suscipiunt,
848 1806 905 1892 qni
919 1805 1077 1870 insidiari
1091 1807 1180 1890 gregi

181 1885 358 1953 Dominieo
379 1909 446 1954 non
468 1897 637 1966 metuunt,
658 1905 774 1958 contro
797 1910 881 1974 qnos
903 1888 967 1954 Dei
987 1909 1114 1972 greges
1130 1911 1178 1952 cu·

182 1967 296 2035 stcdiri
312 1965 508 2036 debuerant
542 1969 645 2036 Nulla
661 1971 847 2038 animarum
863 1969 957 2036 lucro
974 1972 1178 2055 quaerimus,

181 2048 227 2114 nd
249 2061 365 2119 nostra
388 2050 537 2135 quotidie
560 2052 671 2116 studia
696 2073 872 2132 vacamus,
906 2062 1042 2120 terrena
1063 2075 1178 2120 concu-

182 2132 359 2219 piscimus,
386 2130 567 2198 humanam
598 2132 739 2217 gloriam
768 2139 898 2202 intenta
927 2146 1038 2201 mente
1068 2147 1179 2220 capta-

181 2237 265 2283 mns.
313 2215 358 2280 Et
380 2216 461 2301 quis
490 2233 529 2279 eo
554 2216 628 2300 ipso
660 2235 726 2300 quo
747 2218 869 2282 ceteris
892 2215 1038 2303 praelati
1060 2239 1180 2297 snmus,

182 2298 227 2364 ad
255 2297 388 2384 agenda
421 2295 597 2384 quaelibet
624 2299 785 2396 majorem
812 2299 978 2366 licentium
1006 2297 1181 2366 babemus:

181 2392 359 2466 susceptae
381 2379 623 2446 benedictionis
638 2381 855 2448 ministerium
878 2382 1041 2449 vertimus
1058 2381 1179 2450 adam·

183 2461 323 2530 bitionis
344 2472 591 2546 argumentum:
618 2463 687 2529 ,Dei
709 2486 845 2530 causam
867 2463 1114 2550 relinquimus,
1143 2463 1180 2528 ad

180 2557 319 2610 terrens
349 2545 484 2629 negotis
507 2567 682 2610 vacamus:
709 2544 816 2612 locum
847 2547 1035 2612 sanctitatis
1063 2545 1179 2634 aecipi-

181 2651 271 2707 mns‚
297 2637 330 2693 et
350 2627 493 2692 terrenis
514 2627 646 2692 actibus
668 2628 888 2712 implicamur.
932 2629 1111 2715 Impleturn
1137 2639 1180 2694 est

180 2711 216 2777 in
239 2710 336 2776 nobis
351 2709 499 2794 Proiecto
514 2708 601 2794 qnod
617 2712 777 2795 scriptum
795 2721 858 2778 est:
889 2711 941 2776 Et
967 2711 1051 2776 erit
1074 2713 1180 2776 siout

182 2793 383 2875 populus,
414 2793 476 2855 sic
505 2792 713 2859 sacerdos.
733 2791 760 2865 ²l
806 2792 969 2860 Sacerdos
999 2795 1091 2860 enirn
1120 2817 1179 2860 non

181 2874 286 2942 distat
314 2897 334 2938 a
364 2872 503 2960 populo,
537 2875 671 2958 qnando
703 2875 797 2940 nullo
827 2875 944 2943 merito
976 2877 1069 2944 vitae
1105 2899 1180 2944 ense

183 2955 241 3022 vul
270 2957 279 3018 i
302 2955 512 3022 transcendit
537 2957 708 3024 actionem.

243 2978 293 3104 ib.
331 3037 548 3125 Imploremus
577 3037 746 3104 Jeremise
767 3037 964 3126 *lacrymam
997 3041 1181 3108 consideret

179 3130 318 3188 mortem
348 3130 515 3202 nostram,
547 3130 580 3186 et
607 3119 787 3208 deplorans
820 3123 924 3188 dicat:
968 3123 1180 3202 Quomodo

181 3204 455 3270 obscuratum
478 3212 543 3268 est
570 3225 735 3286 aurum,
760 3216 948 3272 mutatus
981 3215 1045 3270 est
1068 3209 1181 3272 color

182 3289 383 3372 optimus,
406 3284 593 3370 dispersi
617 3285 911 3372 suntlapides
940 3287 1183 3354 sanctuarii

181 3370 224 3436 in
242 3368 381 3454 capite
400 3367 578 3435 omnium
595 3369 853 3456 platearum?
868 3367 894 3453 ³)
918 3369 1182 3459 Aururnqnippe

181 3450 395 3538 obscuratum
418 3460 484 3530 est,
497 3453 588 3538 quis
612 3449 820 3519 sacerdotnm
845 3453 915 3518 vita
936 3452 1111 3536 qnondam
1128 3476 1183 3541 per

179 3531 321 3618 gloriam
349 3534 509 3604 virtutum
540 3531 649 3616 clera,
681 3557 771 3600 nnnc
793 3557 853 3621 per
882 3534 1031 3600 actiones
1055 3537 1184 3604 infimas

215 3711 234 3778 ¹)
253 3710 328 3764 cent.
346 3711 375 3777 1,
396 3711 420 3765 5.
440 3737 473 3750 ·-
493 3709 513 3776 ²)
533 3708 600 3764 Osee
618 3709 687 3785 4,,9.
707 3739 737 3752 ·-
757 3710 777 3778 ο>
795 3707 932 3783 Threml,
951 3715 976 3768 1.
