2468 4218
475 255 619 342 -129
662 292 700 332 τ·

89 409 236 490 menium
248 419 390 488 fecerint
401 426 586 510 praemissa
600 423 705 506 bona,
728 443 817 510 quae
830 423 974 508 placent.
985 487 988 494 ,
998 423 1087 510 Nam

89 537 124 588 et
145 543 250 606 equos
273 520 449 590 indomitos
474 521 599 590 blanda
619 523 715 610 prius
729 544 830 587 manu
843 523 1024 608 tangimus,
1047 537 1086 616 ut

88 617 253 686 coenobis
265 616 400 704 plenius
413 617 726 712 postmodumetiam
736 643 796 710 per
805 620 939 706 flagella
947 621 1086 710 subiga-¹

86 741 173 785 mus.
215 716 260 782 Et
280 737 392 782 amaro
413 717 657 804 pigmentorum
678 717 795 806 poculo
815 719 922 786 mellis
948 719 1085 796 dulcedo

87 805 306 904 adjungitur,
341 837 465 900 osea,
501 837 589 906 quae
620 815 719 908 saluti
748 820 922 904 profutura
945 824 1017 903 est,
1049 822 1085 889 iu

87 918 160 1004 ipso
190 923 291 1000 gustu
320 937 443 1002 aspera
468 915 654 983 amaritudo
681 917 862 983 sentiatur:
895 918 972 987 dum
1004 942 1086 1008 vero

87 1023 208 1104 gustus
229 1035 289 1102 per
312 1011 522 1082 dulcedinem
532 1014 670 1107 fallitur,
693 1015 808 1084 humor
822 1015 1085 1104 mortifero-sper

86 1112 347 1180 amaritudinem
382 1124 552 1180 vacuatur.
603 1115 684 1204 Ipsa
721 1137 800 1201 ergo
835 1118 872 1180 in
906 1115 1004 1182 elatis
1033 1118 1087 1206 iu·¹
1117 1196 1123 1209 ι

87 1215 250 1280 vectionis
273 1211 411 1280 exordia
433 1215 598 1300 permixta
621 1223 700 1281 sunt
731 1212 832 1280 laude
854 1215 1084 1302 temperanda,

87 1323 126 1378 ut
147 1309 226 1378 dum
247 1311 427 1395 admittunt
446 1312 591 1395 favores,
616 1336 699 1400 quos
718 1313 871 1399 diligunt,
897 1315 995 1380 etiam
1013 1336 1083 1382 cor·
1125 1301 1127 1307 λ

85 1415 259 1502 ruptiones
281 1413 461 1500 recipiant,
486 1434 569 1498 quas
594 1414 743 1478 oderunt.

151 1511 355 1598 Plerumque
376 1521 487 1577 autem
510 1509 713 1598 persuadere
736 1511 832 1576 elatis
851 1512 950 1577 utilia
965 1509 1084 1578 melius

86 1635 280 1698 possumus,
314 1612 342 1676 ei
364 1610 547 1696 profectum
577 1633 689 1676 eorum
717 1611 813 1676 nobis
842 1612 954 1698 potius
983 1634 1085 1696 quam

87 1709 154 1774 illis
181 1709 391 1798 profuturum
424 1708 590 1792 dicamus,
625 1711 654 1774 si
683 1731 797 1775 eorum
825 1710 1084 1776 meliorationem

85 1809 183 1875 nobis
213 1811 319 1894 magis
349 1831 448 1892 quam
476 1809 540 1874 sibi
575 1808 721 1894 impendi
752 1809 965 1896 postulemus.
1019 1809 1083 1874 Fa-

83 1908 150 1984 cile
173 1910 260 1974 enim
283 1909 326 1973 ad
347 1909 470 1974 bonum
492 1909 593 1973 elatio
616 1907 775 1991 flectitur,
800 1911 829 1974 si
851 1920 885 1974 et
907 1909 985 1975 aliis
1010 1911 1084 1997 ejus

85 2007 225 2074 inflexio
247 2007 407 2095 prodesse
429 2007 592 2073 credatur.
638 2006 737 2073 Unde
758 2007 912 2096 Moyses,
944 2009 1002 2094 qui
1032 2031 1083 2074 rc·

81 2117 188 2194 gente
212 2129 247 2172 se
269 2107 343 2172 Deo
366 2107 490 2172 deserti
510 2107 575 2172 iter
598 2115 698 2173 aerea
721 2106 874 2172 columna
902 2104 986 2171 duee
1007 2129 1083 2194 per-

87 2207 212 2292 gebat,
249 2229 322 2272 cum
351 2204 470 2270 Hobab
499 2217 675 2292 cognatum
708 2227 802 2271 suum
833 2228 853 2268 a
885 2206 1084 2292 gentilitatis

80 2307 339 2371 conversatione
361 2304 466 2370 vellet
487 2303 629 2370 educere
653 2316 685 2370 et
698 2305 932 2392 omnipotentis
947 2305 1014 2370 Dei
1028 2303 1084 2370 do-

86 2405 189 2470 minio
211 2403 410 2491 subjugare,
434 2405 494 2468 ait:
523 2404 844 2470 Proficisoimur
866 2404 916 2468 ad
937 2405 1082 2486 locum,

89 2525 207 2590 quem
228 2503 428 2568 Dominus
450 2502 626 2568 daturus
650 2514 714 2570 est
735 2504 877 2571 nobis:
904 2506 999 2568 veni
1019 2525 1083 2570 no·

86 2601 263 2684 biscum,
287 2611 330 2667 ut
350 2602 453 2666 bene
475 2600 682 2667 faciamus
705 2603 803 2684 tibi;
827 2604 928 2688 quia
949 2603 1085 2670 Domi·

87 2725 167 2768 nus
203 2699 309 2768 bona
341 2703 538 2788 promisit
566 2701 735 2766 Israeli.
792 2700 873 2768 Oui
906 2725 992 2767 oum
1023 2726 1082 2768 re·

87 2800 342 2890 spondisset
364 2801 449 2866 ille:
472 2801 561 2866 Non
584 2802 730 2866 vadam
751 2812 903 2888 tecum,
928 2801 1001 2867 sed
1022 2824 1082 2866 re·

86 2913 235 2967 vertar
257 2904 474 2966 interram
496 2923 635 2982 meam,
667 2901 706 2966 in
735 2923 815 2988 qua
836 2912 959 2967 natus
982 2924 1084 2983 sum;

86 3001 181 3066 illico
204 3001 374 3088 adjunxit:
405 2999 498 3064 Noli
519 3023 593 3065 nos
615 3000 880 3088 relinquere3
908 3011 950 3067 tu
973 3001 1082 3065 enim

81 3101 218 3182 nosti,
242 3101 287 3164 in
309 3097 461 3187 quibus
484 3099 589 3165 loeis
613 3123 686 3185 per
708 3099 917 3166 desertum
939 3108 1080 3164 castra

84 3221 235 3288 ponere
258 3199 500 3282 debeamus,
529 3195 675 3266 eteris
706 3200 855 3266 doctor
878 3209 1028 3266 noster.
1054 3193 1080 3284 ¹)

91 3355 387 3370 ..u—um

123 3448 143 3507 ¹)
162 3445 237 3496 Num.
255 3443 296 3509 10,
314 3441 356 3498 29.
375 3447 423 3497 eto.
458 3442 562 3508 Habab,
588 3445 632 3511 qui
651 3445 695 3496 hio
713 3444 806 3496 dicitur
824 3446 951 3508 cognatus
969 3444 1081 3511 Moysis,

156 3527 207 3581 soit
223 3527 294 3580 filius
311 3527 437 3596 Raguolis
455 3541 502 3580 seu
517 3529 649 3584 Jethroois
671 3527 813 3582 sacerdotis
823 3527 988 3592 Malloniae,
1006 3530 1084 3599 eujus

157 3613 237 3669 tiliam
254 3611 413 3682 Sephoram,
439 3615 542 3668 Hobabi
559 3629 688 3682 sororem,
715 3615 823 3682 Moyses
840 3627 946 3667 uxorem
965 3613 1086 3671 duxerat.

762 3797 841 3861 68*
