2462 4220
440 259 705 354 ...πω-λ

47 426 105 494 los
127 426 246 492 lateat.
289 427 336 490 Et
351 425 555 511 plerumque
586 449 620 492 se
649 427 806 492 Pastores
836 433 972 489 sanctos
990 423 1056 490 bo·

47 508 198 574 minibus
221 506 399 588 exhibent,
423 517 524 594 atque
546 511 581 574 in
603 509 744 575 occultis
768 508 837 572 suis
858 506 967 570 videri
984 516 1053 570 tur·

47 613 112 678 pes
134 603 213 655 ante
235 592 359 656 interni
381 589 502 653 arbitri
524 592 636 656 oculos
658 615 724 656 non
741 589 956 655 erubescunt.
986 589 1053 653 Ve-

47 677 135 754 niet,
159 674 271 738 veniet
292 673 442 758 profecto
463 673 521 738 ille
544 673 634 758 dies,
656 694 718 738 nec
732 672 831 756 longe
854 683 916 750 est,
929 673 973 734 in
988 690 1053 756 quo

47 755 228 822 Pastorum
252 754 372 818 Pastor
395 767 574 840 appareat,
607 769 640 820 et
668 757 936 840 uniuscujusque
961 753 1054 818 faeta

46 841 87 902 in
109 837 282 923 publicum
303 835 464 903 deducat:
495 849 528 902 et
550 840 609 924 qui
629 838 724 903 modo
750 835 956 901 subditorum
985 835 1053 899 cul·

48 943 116 1008 pas
138 939 199 1004 per
222 921 435 1005 praepositos
457 920 648 1000 ulciscitur,
681 932 762 984 tune
785 921 1053 1002 praepositorum
1128 923 1133 930 '

44 1001 143 1068 mala
164 1023 224 1086 per
248 1003 461 1086 semetipsum
487 1005 640 1068 saeviens
663 1003 807 1067 damnat.
843 1000 942 1066 Unde
958 1003 1054 1064 etin·

43 1105 189 1231 pressus
212 1077 248 1148 in
270 1085 444 1170 templum,
475 1108 535 1170 per
564 1089 781 1170 semetipsum
811 1083 909 1168 quasi
937 1081 1053 1165 flagel-

65 1189 122 1230 um
144 1164 185 1245 de
206 1166 365 1230 funiculis
386 1165 485 1249 fecit,
514 1169 611 1232 etde
634 1167 729 1232 domo
751 1167 817 1230 Dei
847 1187 970 1251 pravos
996 1185 1052 1227 ne·
1161 1211 1163 1216 .

47 1250 237 1334 gotiatores
260 1250 414 1334 ejicienS,
439 1250 616 1314 cathedras
640 1249 857 1314 vendentium
880 1245 1053 1312 columbas

46 1332 188 1396 evertit:
212 1333 291 1416 quia
316 1330 522 1396 subditorum
548 1331 683 1420 quidem
708 1331 829 1416 culpas
850 1351 912 1418 per
934 1329 1052 1393 Pasto·

48 1437 107 1479 res
154 1415 284 1494 ercutit,
306 1413 365 1477 sed
386 1415 563 1480 Pastorum
585 1417 669 1480 vitia
690 1435 751 1501 per
774 1413 989 1496 semetipsum
1001 1409 1052 1474 fc·
1167 1453 1168 1456 κ

47 1499 107 1562 rit.
126 1435 151 1581 ¹5
195 1495 284 1560 Ecce
305 1497 401 1560 modo
418 1495 607 1561 hominibus
623 1498 743 1582 negari
757 1507 877 1583 potest,
901 1492 991 1579 quod
1003 1493 1052 1556 la·

47 1589 165 1644 tenter
187 1581 308 1662 agitur.
344 1577 411 1642 ,Ille
432 1590 519 1644 certe
538 1581 645 1666 judex
667 1590 832 1646 venturus
850 1587 912 1656 est,
935 1575 1052 1638 caita-

47 1661 161 1726 cendo
184 1662 326 1746 quisque
348 1683 383 1723 se
405 1683 472 1726 non
495 1675 605 1749 potest
624 1662 752 1745 celare,
777 1683 874 1747 quem
897 1655 1053 1742 negando

47 1767 123 1810 nen
168 1751 255 1813 otest
275 1741 400 1806 fallere.
465 1803 467 1805 ,

119 1765 166 1888 tal.
200 1825 263 1889 Est
284 1836 317 1888 et
339 1825 450 1904 aliud,
473 1825 597 1890 fratres
618 1827 800 1906 carissimi,
825 1823 913 1912 quod
936 1844 987 1886 me
1012 1820 1053 1884 dc

49 1909 123 1972 vita
146 1908 322 1972 Pastorum
353 1907 566 1972 vehementer
589 1908 726 1992 affligit:
756 1907 815 1972 sed
843 1929 885 1970 ne
915 1903 1055 1970 caihoc

50 1992 252 2076 injuriosum
274 1988 429 2054 videatur
448 1989 593 2054 fortasse
638 1991 705 2053 uod
727 2011 858 2070 assero,
892 2005 1053 2070 mequo-

50 2095 120 2158 que
144 2073 271 2158 pariter
292 2093 431 2153 accuso,
455 2074 609 2158 quamvis
655 2067 800 2137 alberici
822 2069 1054 2154 temporisne·

49 2155 211 2220 cessitate
233 2153 440 2240 compulsus,
464 2153 565 2218 valde
588 2157 624 2218 in
646 2153 697 2219 his
713 2158 813 2241 jaceo
828 2154 964 2218 invitus.
1001 2148 1055 2214 Ad

51 2238 227 2302 exteriora
249 2237 337 2302 enim
358 2239 494 2322 negotia
517 2236 648 2322 delapsi
673 2259 804 2317 sumus,
838 2246 870 2300 et
892 2231 986 2296 aliud
1012 2253 1056 2295 ex

51 2321 180 2384 honore
202 2321 427 2400 suscepimus,
462 2330 564 2406 atque
586 2320 678 2384 aliud
701 2320 810 2384 officio
835 2315 977 2382 actionis
998 2333 1055 2376 ex·

52 2402 217 2466 bibemus.
247 2401 471 2478 Ministarium
493 2401 753 2487 praedicationis
775 2399 1004 2486 relinquimus,
1023 2404 1057 2460 et

51 2487 99 2548 ad
128 2505 271 2570 poenam
306 2493 455 2548 nostram
494 2496 532 2548 ut
563 2483 660 2550 video
690 2485 851 2569 Episcopi
887 2499 1055 2559 vocamur,

53 2567 116 2652 qui
138 2566 273 2631 honoris
297 2587 433 2645 nomen,
464 2587 531 2630 non
554 2568 709 2633 virtutem
732 2578 895 2632 tenemus.
938 2560 1056 2626 Relin-

53 2660 166 2735 quunt
185 2669 329 2734 namque
352 2649 463 2712 Deum
494 2648 529 2712 hi
560 2652 618 2732 qui
640 2651 742 2714 'nobis
772 2647 937 2712 commissi
965 2654 1055 2724 sunt,

53 2743 89 2796 et
111 2743 269 2795 tacemus.
314 2731 354 2795 In
377 2732 492 2817 pravis
514 2733 647 2797 actibus
665 2734 798 2816 jacent,
822 2741 854 2794 et
875 2727 1056 2810 correptio·

53 2817 109 2878 nis
131 2835 264 2878 manum
285 2835 352 2878 non
371 2813 547 2878 tendimus.
594 2816 753 2893 Quotidie
776 2835 835 2900 per
859 2809 984 2875 multas
998 2830 1058 2874 ne·

55 2897 183 2982 quitiae
205 2905 365 2981 pereunt,
396 2907 428 2960 et
450 2917 506 2960 eos
530 2896 573 2960 ad
595 2897 764 2962 infernum
787 2895 925 2960 tendere
948 2889 1058 2976 negli-

54 2989 176 3062 genter
207 2978 367 3042 videmus.
419 2978 486 3042 Sed
515 2978 651 3064 quando
673 3001 733 3044 nos
762 2981 867 3043 vitam
888 2976 1079 3058 corrigere

54 3061 229 3126 valeamus
252 3061 414 3140 alienam,
439 3062 496 3146 qui
518 3061 723 3144 negligimus
745 3060 920 3127 nostram?
958 3057 1059 3122 Curis

55 3145 146 3210 enim
170 3142 380 3208 secularibus
402 3144 540 3227 intenti,
562 3155 657 3208 tanto
680 3143 947 3208 insensibiliores
967 3141 1059 3204 intus

55 3227 239 3306 efficimur,
266 3236 390 3310 quanto
414 3225 518 3290 adea
541 3247 630 3313 quae
650 3226 734 3292 foris
758 3239 852 3307 sunt,
881 3221 1058 3288 studiosio-

54 3332 114 3373 res
136 3307 313 3372 videmur.·
332 3308 406 3374 Usu
423 3311 547 3395 quippe
570 3331 672 3374 curae
688 3319 854 3389 terrenae,
879 3329 898 3370 a
920 3303 1061 3368 caelesti

56 3390 227 3457 desiderio
249 3389 441 3457 obdurescit
463 3397 613 3457 animus:
646 3403 678 3458 et
704 3392 781 3457 dum
810 3392 884 3475 ipso
914 3407 973 3452 suo
995 3408 1061 3451 usu

56 3475 165 3539 durus
194 3473 339 3538 efficitur
369 3495 430 3561 per
460 3477 624 3540 actionem
647 3475 755 3541 seculi
785 3474 828 3538 ad
851 3493 892 3546 ea
916 3468 1062 3534 emolliri

56 3579 126 3622 non
148 3555 257 3637 valet,
284 3578 371 3643 quac
392 3558 564 3644 pertinent
586 3558 630 3624 ad
651 3559 824 3623 caritatem
840 3553 916 3619 Dei.
961 3547 1062 3616 Unde

61 3679 361 3692 ——-——-

92 3735 114 3798 ⁸)
132 3733 208 3787 Joan.
225 3733 255 3802 2,
273 3735 299 3789 1.
319 3734 345 3789 2.
