2486 4222
402 853 568 991 'rens
604 851 870 950 sueonos
951 797 955 806 ’

177 1009 199 1144 ζ’
283 1067 392 1153 lte
432 1069 601 1156 vita
644 1066 1024 1204 pastoris.

532 1409 714 1475 cnPU‘r
743 1410 769 1473 Ι.

152 1522 185 1618 Is
203 1546 319 1614 qniad
337 1545 493 1611 regimen
511 1543 678 1597 ordinato
702 1545 929 1612 pervenerit,
957 1544 1092 1612 qualem
1112 1557 1152 1598 se

288 1630 323 1681 in
349 1629 434 1696 ipso
461 1629 647 1697 regimine
672 1630 801 1684 debeat
829 1631 1013 1683 exhibere.

214 1765 358 1832 Tantum
380 1764 478 1832 debet
498 1766 662 1835 actionem
673 1765 786 1854 populi
808 1768 893 1833 actio
908 1766 1150 1834 transcendere

149 1853 339 1947 Praesnlis,
372 1874 535 1952 quantum
561 1861 686 1932 distare
709 1864 796 1932 solet
824 1887 845 1929 a
870 1887 972 1950 grege
995 1869 1066 1933 vita
1086 1887 1149 1952 pa·

149 1966 258 2032 storis.
303 1962 448 2052 Oportet
467 1988 628 2053 namque,
651 1975 689 2031 ut
709 1967 823 2032 metiri
843 1964 986 2032 sollicite
1000 1964 1149 2049 studeat,

150 2076 280 2154 quanta
300 2062 465 2132 tenendae
488 2067 704 2135 rectitudinis
725 2067 922 2132 necessitate
947 2066 1148 2150 constringi-

146 2176 219 2250 tur,
255 2163 317 2232 sub
339 2167 436 2252 cujus
458 2168 688 2236 aestimatione
716 2164 862 2254 populus
892 2187 975 2250 grex
998 2175 1149 2231 vocatur.

150 2265 202 2332 Sit
233 2287 312 2350 ergo
339 2286 475 2330 necesse
507 2277 558 2332 est
589 2267 793 2351 cogitatione
815 2265 980 2348 mundus,
1015 2266 1150 2331 actione

148 2367 371 2452 praecipuus,
406 2363 571 2430 discretus
600 2367 636 2430 in
666 2364 815 2448 silentio,
846 2364 936 2430 utilis
963 2366 997 2430 in
1030 2364 1149 2448 verbo,
1231 2375 1232 2384 ’

148 2463 290 2550 singulis
319 2465 548 2549 compassione
575 2466 765 2548 proximus,
799 2486 882 2551 prae
910 2467 1038 2561 cunctis
1068 2487 1146 2532 con·

83 2603 86 2609 Δ
149 2563 365 2654 templatione
386 2585 586 2650 suspensus,
616 2561 703 2630 bene
725 2565 904 2650 agentibus
933 2587 993 2652 per
1015 2564 1148 2630 humili·

98 2703 107 2716 ·
148 2675 251 2731 tatem
274 2664 401 2746 socius,
425 2672 542 2730 contra
565 2663 830 2753 delinquentium
851 2662 934 2730 vitia
954 2688 1015 2750 per
1035 2664 1147 2732 zelum

145 2763 300 2852 justitiae
322 2770 473 2845 erectus,
506 2763 711 2830 internorum
733 2786 845 2828 curam
874 2766 910 2831 iu
942 2765 1147 2831 exteriorum
1229 2833 1230 2846 χ

149 2861 366 2948 occupatione
388 2884 453 2928 non
473 2862 643 2946 minuens,
675 2864 879 2930 exteriorum
898 2864 1147 2950 providentiam
1229 2847 1230 2922 i

150 2965 186 3028 in
198 2963 405 3028 internorum
424 2960 646 3030 sollicitudine
658 2985 726 3029 non
739 2961 941 3050 relinquens.
966 2963 1033 3030 Sed
1048 2964 1146 3049 haec,
1228 2997 1229 3036 r

148 3071 239 3149 q'uae
260 3060 407 3126 breviter
429 3061 655 3128 enumerando
677 3062 953 3148 perstrinximus,
977 3062 1078 3150 paulo
1095 3063 1147 3130 la·

149 3159 216 3255 tius
238 3158 432 3248 replicando
455 3160 668 3229 disseramus.

509 3339 703 3411 CAPUT
735 3344 780 3409 ΙΙ.
1113 3361 1119 3369 ·

302 3479 341 3531 Ut
363 3484 481 3534 rector
507 3479 737 3547 cogitatione
760 3479 809 3534 sit
831 3481 987 3533 mundus.

206 3615 330 3682 Rector
352 3637 482 3704 semper
506 3617 708 3700 cogitatione
731 3615 950 3700 siemundus,
977 3626 1147 3704 quatenus

144 3714 242 3784 nulla
271 3714 360 3784 hunc
388 3713 599 3802 immunditia
626 3713 774 3804 polluat,
810 3714 867 3801 qui
900 3712 963 3783 hoc
996 3718 1143 3806 suscepit
