2486 4222
475 263 698 345 ..·-29-

81 432 210 514 offlcii,
232 434 327 503 utin
348 432 472 500 alienis
494 453 630 520 quoque
653 431 809 499 cordibus
825 431 1017 519 pollutionis
1028 455 1098 508 ms·

84 531 188 600 cules
209 541 334 620 tergat:
359 533 441 622 quia
462 552 601 600 necesse
623 539 692 614 est,
722 542 759 598 ut
780 553 854 598 esse
870 523 1002 604 ‚munda
1025 518 1096 605 otd-

86 631 176 698 deat
201 656 340 715 manus,
376 653 464 719 quae
493 629 619 698 diluere
649 629 766 696 sordes
792 643 901 715 curat3
930 655 972 698 ne
1005 633 1098 700 tecta

87 754 250 820 quaeque
273 731 423 798 deterius
445 732 614 820 inquinet,
652 731 681 795 si
703 731 838 798 sordida
863 734 1045 818 insequens
1069 727 1094 820 ¹)

83 831 203 898 lutum
224 840 325 898 tenet.
367 831 456 898 Hinc
476 821 621 917 namque
643 852 703 916 per
729 829 932 920 Prophetam
961 833 1096 898 dicitur:

87 929 371 1014 Mundamini,
396 931 467 1017 qui
488 930 617 996 fertis
641 952 742 996 vasa
764 925 939 997 Domini.
961 931 987 1018 ²)
1024 914 1095 998 Do·

85 1030 175 1096 mini
197 1031 319 1096 etenim
342 1051 425 1095 vasa
454 1029 587 1112 ferunt,
622 1031 680 1118 qui
710 1031 936 1117 proximorum
965 1022 1095 1096 animas

81 1129 137 1196 ad
161 1138 300 1196 aeterna
323 1129 475 1194 sacraria
497 1127 731 1216 perducendas
755 1132 787 1196 in
813 1151 894 1196 suae
918 1145 1113 1196 conversa·

85 1230 193 1296 tionis
213 1228 277 1294 fide
303 1229 501 1315 suscipiunt.
544 1218 647 1316 Apud
669 1230 867 1316 semetipsos
889 1250 970 1312 ergo
986 1224 1094 1314 quan-

85 1339 163 1394 tum
185 1327 332 1396 debeant
352 1327 504 1394 mundari
528 1328 753 1414 conspiciant,
778 1329 836 1416 qui
855 1327 896 1392 ad
915 1327 1093 1392 aeternita-

83 1430 132 1494 tis
155 1427 315 1514 templum
337 1449 421 1492 vasa
442 1429 592 1494 viventia
614 1430 650 1492 in
674 1429 748 1494 sinu
772 1429 927 1515 propriae
943 1429 1093 1515 sponsio·

86 1529 144 1594 nis
173 1536 319 1614 portant.
361 1528 450 1592 Hinc
478 1528 595 1593 divina
623 1550 705 1594 voce
735 1529 958 1616 praecipitur,
994 1536 1032 1593 ut
1058 1525 1095 1590 in

84 1628 207 1693 Aaron
237 1639 369 1711 pectore
391 1627 559 1694 rationale
577 1627 698 1715 judicii
720 1628 813 1694 vittis
832 1625 1019 1712 ligantibus
1034 1627 1092 1700 im-

85 1728 269 1814 primatur;
298 1736 466 1814 quatenus
490 1728 695 1794 sacerdotale
719 1750 775 1792 cor
805 1746 1019 1814 nequaquam
1040 1749 1092 1792 co-

84 1827 270 1910 gitationes
292 1827 403 1892 fluxae
425 1825 634 1916 possideant,
658 1813 718 1891 sed
740 1828 825 1892 ratio
840 1823 913 1892 sola
926 1827 1091 1894 constrin-

84 1935 166 2012 gat5
197 1948 257 1991 nec
278 1925 496 1992 indiscretum
519 1925 600 2012 quid
629 1925 685 1991 vel
714 1925 834 1990 inutile
856 1925 999 2009 cogitet,
1032 1927 1092 2012 qui

81 2026 131 2090 ad
165 2025 354 2112 exemplum
385 2025 463 2090 aliis
496 2027 695 2092 constitutus
726 2048 768 2090 ex
797 2027 966 2110 gravitate
998 2023 1088 2089 vitae

84 2147 220 2212 semper
243 2124 344 2190 debet
366 2127 557 2205 ostendere,
590 2130 750 2212 quantam
771 2126 806 2188 in
830 2133 965 2211 pectore
986 2123 1089 2188 ratio·

85 2246 164 2289 nem
186 2235 304 2312 portet
326 2222 352 2312 3)
397 2225 437 2288 In
462 2245 527 2308 quo
542 2225 643 2288 etiam
656 2222 815 2289 rationali
826 2223 1011 2307 vigilanter
1029 2219 1088 2287 ad·

77 2323 238 2409 jungitur
246 2372 256 2404 ,
290 2330 328 2386 ut
357 2321 530 2389 duodecim
558 2319 835 2386 Patriarcharum
865 2323 1000 2388 nomina
1030 2321 1087 2386 de·

83 2422 288 2488 scribentur.
331 2422 528 2508 Adscriptos
552 2423 673 2488 etenim
690 2431 806 2509 patres
827 2443 957 2510 semper
973 2423 1010 2486 in
1028 2443 1086 2509 pe·

83 2530 176 2588 ctore
197 2522 305 2604 ferre,
330 2530 383 2586 est
404 2525 618 2606 antiquorum
636 2523 738 2588 vitam
758 2523 831 2586 sine
845 2519 1087 2588 intermissione

82 2622 244 2706 cogitare.
284 2621 371 2688 Nam
389 2631 469 2686 tunc
488 2621 643 2688 sacerdos
657 2621 998 2709 irreprehensibiliter
1009 2642 1086 2706 gra·

80 2721 191 2805 ditur,
223 2744 296 2788 cum
319 2720 477 2807 exempla
506 2721 644 2788 Petrum
666 2719 938 2809 praecedentium
961 2719 1087 2790 indesi-

80 2830 204 2886 nenter
226 2823 394 2904 intuetur,
424 2843 498 2886 cum
528 2819 725 2887 Sanctorum
746 2820 890 2904 vestigia
919 2822 991 2887 sine
1013 2841 1084 2885 ces·

79 2919 212 2984 satione
236 2919 444 3003 considerat,
468 2929 500 2984 et
522 2919 740 3005 cogitationes
764 2919 899 3001 illicitas
916 2919 1084 3010 deprimit,

80 3041 126 3084 ne
150 3027 246 3084 extra
268 3018 393 3086 ordinis
417 3020 555 3084 limitem
570 3020 681 3106 operis
695 3019 815 3107 pedem
829 3021 955 3090 tendat.
986 3020 1086 3102 Quod

77 3116 165 3182 bene
197 3120 298 3184 etiam
330 3118 492 3184 rationale
520 3117 643 3204 judicii
676 3129 834 3204 vocatur,
872 3124 953 3209 quia
984 3119 1084 3185 debet

72 3226 191 3284 rector
213 3218 328 3286 subtili
349 3240 479 3303 semper
503 3217 657 3284 examine
678 3216 768 3285 bona
789 3221 947 3308 malaque
965 3221 1089 3288 discer-

79 3322 185 3400 nere,
209 3328 243 3385 et
266 3341 354 3407 quse
377 3318 433 3384 vel
455 3317 592 3403 quibus,
614 3318 751 3406 quando
773 3320 1086 3408 reiqualitercon-

78 3425 223 3499 gruem,
247 3417 395 3484 studiose
419 3419 589 3504 cogitare,
611 3415 764 3506 nihilque
785 3420 1085 3506 proprium·=qnee·

74 3532 174 3598 rere,
208 3515 268 3581 sod
290 3541 352 3583 sua
374 3517 542 3584 commoda
565 3519 829 3605 propinquorum
860 3516 949 3584 bona
977 3516 1084 3608 depu-

115 3725 135 3789 ·)
153 3723 220 3782 nnc
238 3725 267 3778 u
286 3739 315 3780 a
334 3739 417 3782 mens.
437 3715 469 3766 ἐ-
490 3706 509 3818 ¹)
528 3725 592 3782 rus.
610 3727 654 3814 oa,
675 3729 717 3820 u.
738 3757 770 3766 -
790 3727 816 3822 3)Ι
828 3729 910 3818 uxor.
920 3705 973 3799 πί
985 3730 1027 3787 15.
1040 3737 1083 3785 aa
