2462 4220
438 257 671 322 ..205..,

53 419 289 513 perpendant,
321 423 411 510 quod
439 419 647 490 tolerabilius
676 443 749 488 esse
779 423 941 512 potuisset
972 420 1058 486 recti

53 524 150 588 viam
171 545 238 588 non
259 523 426 608 arripere,
463 542 563 607 quam
589 531 724 606 arrepta
752 530 827 606 post
852 527 983 604 tergum
1004 541 1056 584 re·

53 623 143 687 dire.
186 621 262 686 Nisi
283 622 368 684 enim
390 631 480 686 retro
493 621 696 706 aspicerent,
717 641 798 702 erga
815 629 967 706 coeptum
989 629 1057 684 stu·

54 722 154 786 dium
174 717 268 786 nullo
290 729 420 805 torpore
442 719 650 805 languerent.
687 718 838 784 Audiant
852 741 942 804 ergo,
965 719 1056 803 quod

55 821 302 906 scriptumest:
331 817 483 882 Melius
506 827 599 882 arat
622 819 683 882 eis
706 839 786 882 non
807 837 1056 902 cognoscere

57 921 172 984 viam
196 920 419 1007 justitiae,
449 937 566 1000 quam
592 927 685 1003 post
712 917 971 1000 agnitionem
998 938 1055 981 re·

57 1031 252 1086 trorsum
285 1018 493 1094 converti.
521 1015 546 1101 ¹)
599 1017 750 1082 Audierit
778 1013 868 1101 quod
897 1018 1057 1102 scriptum

54 1129 131 1184 est:
168 1118 341 1184 Utinam
374 1116 561 1202 frigidus
592 1139 732 1197 esses,
765 1124 835 1181 aut
864 1113 1055 1197 oalidus;

56 1215 135 1283 sed
158 1218 254 1300 quia
275 1215 441 1304 tepidus
464 1237 516 1299 es,
541 1225 578 1280 et
597 1239 672 1280 nec
693 1215 877 1301 frigidus
899 1235 974 1278 nec
995 1234 1055 1277 ca·

57 1317 194 1400 lidus,
228 1318 424 1403 incipiam
452 1328 490 1382 te
523 1329 716 1381 evomere
745 1337 792 1379 ex
819 1335 889 1380 ore
910 1333 1004 1378 meo.
1027 1310 1055 1397 ²)

58 1414 203 1483 Gelidus
226 1415 351 1503 quippe
380 1424 448 1497 est,
478 1419 535 1500 qui
561 1415 649 1480 bona
676 1415 787 1480 studia
813 1424 847 1479 et
875 1412 995 1498 arripit
1023 1420 1057 1476 et

56 1525 281 1580 consummat:
300 1514 446 1597 frigidus
466 1535 545 1579 vero
564 1523 624 1596 est,
648 1515 706 1596 qui
722 1510 980 1579 consummanda
994 1529 1057 1574 nec

59 1613 208 1680 inchoat.
250 1614 295 1680 Et
325 1617 411 1680 sicut
439 1634 460 1676 a
487 1612 612 1698 frigore
633 1635 694 1700 per
722 1603 869 1700 teporem
895 1609 1058 1675 transitur

59 1713 109 1776 ad
138 1713 300 1795 calorem,
333 1715 381 1778 ita
410 1736 431 1778 a
453 1713 563 1779 calore
578 1735 653 1799 ¹per
683 1723 827 1800 teporem
855 1710 984 1776 reditur
1012 1706 1058 1772 ad

59 1812 179 1898 frigus.
231 1813 394 1901 Quisquis
426 1835 517 1898 ergo
538 1816 660 1878 amisso
689 1812 897 1877 infidelitatis
931 1811 1056 1895 frigore

60 1913 161 1996 vivit,
184 1911 242 1978 sed
264 1933 477 1999 nequaquam
503 1922 617 1999 tepore
641 1921 798 1998 superato
828 1909 1009 1990 excrescit,
1028 1905 1056 1992 ὃ)

61 2023 101 2078 ut
111 2011 250 2096 ferveat,
272 2013 389 2101 procul
402 2011 503 2077 dubio
521 2011 633 2078 calore
648 2011 834 2096 desperato,
857 2008 935 2075 dum
955 2007 1057 2073 noxio

61 2113 100 2177 in
121 2121 236 2197 tepore
257 2113 465 2194 demoratur,
496 2113 583 2196 agit,
612 2121 649 2177 ut
670 2111 838 2195 frigescat.
882 2105 950 2172 Sed
971 2107 1058 2171 sicut

61 2220 144 2277 ante
165 2221 311 2299 teporem
332 2213 440 2296 frigus
462 2211 526 2277 sub
549 2233 608 2300 spe
630 2221 692 2293 est,
715 2212 762 2274 ita
783 2216 858 2296 post
876 2205 987 2289 frigus
1008 2212 1056 2268 te·

62 2334 128 2399 por
148 2311 182 2376 in
209 2311 451 2400 desperatione.
496 2311 564 2390 Qui
592 2312 680 2375 enim
710 2306 822 2376 adhue
849 2307 886 2372 in
912 2305 1061 2392 peccatis

63 2420 135 2492 est,
165 2412 395 2478 conversionis
426 2411 581 2477 fiduciam
611 2433 678 2476 non
707 2409 836 2476 amittit.
881 2405 948 2486 Qui
980 2425 1060 2470 vero

63 2522 143 2596 post
164 2513 412 2577 conversionem
433 2513 551 2598 tepuit,
575 2520 609 2575 et
621 2533 724 2597 spem,
748 2529 834 2594 quae
857 2527 930 2571 esse
952 2503 1063 2589 potuit
1115 2555 1117 2558 .

66 2609 108 2674 de
129 2620 322 2697 peccatore,
351 2611 530 2677 subtraxit
571 2609 642 2674 Ant
662 2607 793 2674 calidus
814 2627 895 2692 ergo
918 2606 1061 2691 quisque

67 2733 158 2790 esse,
181 2719 240 2778 aut
261 2709 406 2795 frigidus
428 2712 622 2796 quaeritur,
653 2731 695 2774 ne
717 2707 850 2793 tepidus
872 2714 1062 2786 evomatur3

66 2821 106 2876 ut
137 2809 294 2876 videlieet
329 2821 388 2876 aut
416 2811 558 2876 necdum
591 2829 771 2874 conversus
800 2805 910 2871 adhuc
942 2805 984 2870 de
1026 2825 1062 2887 so

65 2909 161 2996 spem
183 2911 411 2976 conversionis
439 2909 617 2998 praebeat,
648 2918 706 2973 aut
731 2909 802 2994 jam
824 2925 1005 2994 conversus
1026 2905 1063 2969 in

66 3009 251 3076 virtutibus
288 3011 500 3093 inardescat3
540 3031 583 3076 ne
615 3016 787 3074 evomatur
816 3004 968 3092 tepidus,
1003 3004 1064 3090 qui

65 3132 89 3174 a
111 3107 242 3192 calore,
276 3131 373 3197 quern
395 3112 588 3198 proposuit,
621 3119 754 3195 torpore
784 3106 827 3172 ad
849 3106 982 3172 noxium
1003 3102 1065 3168 fri·

76 3359 338 3370 mnu—..0-
341 3364 356 3370 ..-

87 3444 114 3516 ¹)
131 3446 156 3498 2.
176 3447 244 3504 Petr.
262 3449 287 3513 2,
304 3447 347 3501 21.
372 3451 407 3487 -‘
430 3445 451 3515 ²)
468 3447 550 3515 Apoc.
565 3445 593 3513 3,
612 3446 654 3501 15.
684 3474 713 3482 -
743 3442 765 3512 ³)
784 3441 845 3494 Alit.
864 3439 984 3508 quisquis
1002 3451 1068 3506 ergo

82 3531 85 3558 ³
137 3533 237 3586 amisso
254 3531 412 3588 infidelitatis
436 3531 544 3601 frigore,
569 3533 615 3586 sed
643 3539 804 3600 nequaqnam
830 3531 917 3596 tepore
944 3530 1067 3595 superato

136 3619 291 3690 exardescit,
308 3624 338 3675 ut
354 3625 401 3677 etc
