2462 4220
547 239 774 308 ..2ffl...

164 405 268 476 tundo
288 415 376 490 sunt,
399 429 441 472 ne
463 407 528 494 ipsi
549 405 740 488 laudemur,
763 417 928 474 ettamen
948 401 1161 473 ostendenda·

164 516 251 586 sunt,
272 515 310 572 ut
323 504 460 572 laudem
471 505 621 572 eoelestis
634 506 745 572 Patris
759 504 963 590 augeamus?
983 504 1155 569 Nemeum

162 629 225 672 nos
241 606 408 692 justitiam
437 613 583 670 nostram
605 627 716 670 eoram
742 604 931 672 horninibus
951 601 1065 668 faeere
1089 603 1155 669 Do·

163 704 273 768 minus
294 700 508 789 prohiberet,
529 701 615 768 illico
637 705 805 791 adjunxit:
832 705 887 769 Ut
916 701 1157 770 videamini

162 793 213 866 ab
236 802 304 866 eis.
347 800 392 866 Et
412 823 485 866 oum
504 823 619 868 rursus
632 803 774 868 videnda
796 804 840 869 ab
854 801 1045 870 hominibus
1067 799 1156 868 bona

162 921 268 985 opera
279 911 392 964 nostra
406 901 625 986 praeciperet,
648 901 973 988 protinuss'ubdidit:
994 901 1050 966 Ut
1072 900 1155 985 glo-

164 996 341 1062 rificent
357 996 522 1062 Patrem
537 1009 736 1083 vestrum,
753 1001 881 1088 quiin
897 999 1030 1066 eoelis
1053 997 1155 1081 est.¹)

162 1094 317 1175 Qualiter
337 1097 440 1182 igitur
460 1095 603 1162 videnda
626 1118 749 1181 essent,
773 1099 828 1165 vol
851 1098 995 1186 qualiter
1015 1121 1086 1164 uon
1108 1099 1155 1162 vi-

164 1195 289 1276 denda,
318 1220 361 1262 ex
391 1199 632 1263 sententiarum
659 1198 724 1263 fine
746 1197 956 1264 monstravit:
987 1207 1155 1282 quatenus

159 1296 332 1380 operantis
352 1317 445 1361 mens
467 1317 550 1382 opus
572 1320 669 1362 suum
690 1307 724 1363 et
744 1307 880 1384 propter
901 1319 937 1362 se
959 1297 1069 1362 videri
1091 1319 1156 1362 non

86 1390 88 1396 ’
160 1404 352 1478 quaereret,
375 1403 540 1460 ettamen
561 1395 767 1484 hoopropter
783 1397 936 1462 eoelestis
950 1395 1063 1460 Patris
1087 1395 1154 1480 glo·

163 1493 247 1556 riam
268 1488 336 1560 non
364 1494 496 1560 celaret.
540 1496 639 1561 Unde
667 1495 706 1561 fit
725 1497 924 1583 plerumque
932 1545 942 1578 ‚
972 1505 1011 1562 ut
1031 1495 1156 1562 bonum

158 1611 246 1672 opus
268 1601 302 1657 et
322 1594 357 1658 in
378 1593 506 1660 occulto
529 1595 582 1675 sit,
607 1614 680 1660 oum
700 1595 737 1660 lit
758 1595 903 1678 publioe,
925 1605 959 1661 et
979 1605 1100 1662 rursus
1121 1595 1155 1658 iu

162 1687 315 1774 publico,
344 1711 416 1756 oum
442 1694 553 1778 agitur
581 1693 715 1758 occulte.
753 1694 826 1774 Qui
848 1697 941 1760 enim
965 1697 1001 1760 in
1021 1689 1154 1780 publico

160 1788 250 1854 hono
271 1812 370 1877 opere
397 1815 464 1859 nou
486 1816 596 1875 suam,
627 1793 685 1860 sed
712 1797 852 1883 superui
874 1795 988 1861 Patris
1013 1794 1153 1878 gloriam

159 1890 307 1972 vquaerit,
334 1891 422 1976 quod
442 1892 533 1975 feeit,
556 1893 741 1975 abscondit,
765 1895 843 1982 quia
865 1893 972 1960 solum
992 1892 1089 1958 illum
1105 1901 1152 1958 te·

125 2064 128 2075 .
160 1997 246 2053 stem
268 1987 399 2076 habuit,
421 1994 476 2058 oui
496 1993 630 2079 plaeere
649 1995 789 2059 curavit.
835 1994 879 2059 Et
890 1995 948 2080 qui
969 1994 1004 2058 iu
1025 2001 1153 2058 secreto

160 2108 222 2153 suo
253 2087 340 2156 bono
370 2113 469 2178 opere
493 2091 698 2178 deprehendi
724 2093 917 2158 aclaudari
939 2093 1154 2177 eoncupisoit,

160 2195 197 2250 et
216 2187 328 2255 nullus
360 2191 502 2258 fortasse
531 2191 633 2274 vidit,
666 2194 754 2278 quod
783 2191 954 2275 exhibuit,
987 2200 1154 2256 ettamen

161 2283 223 2352 hoo
244 2309 356 2354 eoram
377 2291 564 2358 hominibus
584 2292 679 2358 feeit:
712 2283 792 2378 q‘uia
817 2303 865 2358 tot
885 2303 988 2358 testes
1009 2289 1155 2356 inbono

158 2405 258 2468 opero
280 2411 392 2456 seeum
414 2391 525 2473 duxit,
557 2402 638 2478 quot
665 2389 828 2457 humanas
857 2391 976 2456 laudes
997 2392 1033 2456 iu
1050 2388 1155 2456 eorde

160 2487 344 2572 requisivit
389 2487 470 2556 Cum
494 2513 574 2556 vero
591 2512 696 2576 prava
712 2491 910 2572 aestimatio,
932 2492 968 2554 in
990 2499 1155 2576 quantum

162 2586 233 2651 siue
255 2599 391 2674 peoeato
412 2589 520 2671 valet,
544 2589 587 2655 ab
609 2591 807 2656 intuentium
828 2599 939 2656 mente
960 2612 1028 2656 nou
1047 2590 1155 2673 tergi-

162 2693 229 2766 tur,
246 2683 273 2773 ²)
296 2690 424 2754 eunetis
439 2688 528 2752 mala
542 2687 753 2754 credentibus
765 2712 825 2775 per
836 2688 1026 2776 exemplum
1050 2687 1155 2775 eulpa

161 2785 368 2872 propinatur.
414 2787 509 2855 Unde
540 2796 572 2852 et
601 2790 799 2876 plerumque
825 2789 1001 2873 contingit,
1034 2796 1069 2852 ut
1097 2791 1156 2876 qui

162 2883 372 2968 negligenter
392 2887 432 2952 do
456 2911 492 2954 se
513 2887 600 2952 mala
621 2888 752 2974 opinari
774 2889 984 2974 permittunt,
1019 2909 1079 2973 per
1106 2910 1157 2952 se·

162 2984 319 3070 metipsos
342 2986 476 3072 quidem
496 2987 719 3076 nullainiqua
734 2988 872 3069 faciant,
895 2987 1073 3054 sedtamen
1091 3011 1156 3076 per

161 3107 230 3168 eos,
254 3087 312 3171 qui
334 3109 370 3152 se
393 3088 513 3153 imitati
533 3087 675 3169 fuerint,
707 3086 925 3174 multiplioius
948 3085 1160 3172 delinquant.

160 3183 250 3250 Hine
271 3196 333 3270 est,
357 3185 446 3271 quod
467 3185 595 3252 Paulus
616 3185 785 3252 immunda
805 3185 971 3272 quaedam
991 3187 1063 3252 eine
1085 3187 1156 3270 pol·

159 3281 285 3350 lutione
298 3285 555 3370 comedentibus,
577 3285 636 3351 sed
646 3284 846 3373 imperfectis
856 3286 1049 3352 tentationis
1057 3307 1156 3352 sean-

83 3453 84 3457 ,
159 3381 274 3450 dahrm
305 3407 368 3452 sua
398 3384 462 3450 hee
490 3385 688 3452 comestione
720 3384 933 3452 moventibus
962 3384 1056 3452 dieit:
1089 3387 1155 3452 Vi·

159 3483 277 3566 dete,
310 3507 360 3552 ne
381 3484 488 3552 forte
510 3483 614 3552 haee
641 3481 826 3550 lieentia
855 3483 1157 3555 vast-reoffen-

195 3699 215 3761 Ι)
234 3697 428 3765 usun.e,-1e.
448 3719 486 3739 -·
501 3697 524 3766 ²)
543 3696 607 3755 our.
624 3695 734 3766 legun-⁴
