2462 4220
484 247 709 314 -189ω

92 417 131 482 iu
146 413 262 482 dorosa
290 435 380 502 aqua
406 414 620 499 semetipsum
641 415 763 498 volvit,
802 417 882 503 quia
906 415 986 482 dum
1006 415 1095 482 fleti·

91 513 159 580 bus
175 515 246 580 suia
267 515 357 580 vitae
379 513 575 580 munditiam
598 513 777 598 subtrahit,
798 525 877 582 ante
890 514 957 580 Dei
978 513 1098 582 oculor

93 612 249 680 sordidas
269 616 362 698 ipsas
383 615 484 678 etiam
512 611 678 700 lacrymas
707 613 798 679 facit
841 613 929 680 Hinc
959 633 1093 680 rursum

94 713 255 798 seriptum
276 721 343 778 est:
363 711 432 776 Ne
458 713 596 778 iteres
624 711 793 778 verbum
822 715 864 781 in
893 714 1098 780 oratione

92 821 177 878 tua.
198 808 225 898 Ι)
257 810 406 880 Verbum
426 833 573 901 namque
593 814 629 876 in
650 813 801 878 oratione
818 813 942 880 iterare
957 821 1008 878 est
1017 822 1098 900 post

91 911 210 978 fletum
236 911 458 994 committere,
494 910 583 1000 quod
610 933 743 978 rursum
771 933 909 978 necesso
939 914 981 978 sit
1001 911 1092 977 dero.

90 1011 184 1078 Hinc
210 1031 271 1098 per
301 1009 427 1076 Isaiam
459 1009 597 1078 dicitur:
635 1011 902 1094 Luvamini‚
935 1009 1097 1077 mundi·

93 1107 297 1198 estoto.,²)
341 1109 422 1176 Post
448 1109 619 1177 lavacrum
646 1111 734 1174 enim
763 1109 906 1176 mundus
933 1133 1006 1176 esse
1034 1131 1098 1176 nc-

94 1207 209 1296 gligit,
233 1210 387 1296 quisquis
408 1220 484 1295 post
498 1208 665 1296 lacrymas
680 1209 770 1274 vitae
787 1209 1012 1276 innocentium
1025 1228 1098 1275 nou

91 1307 248 1376 custodit
291 1309 337 1375 Et
357 1308 516 1374 lavantur
537 1329 636 1394 orgo,
670 1318 704 1373 ct
733 1331 947 1396 nequaquam
975 1306 1091 1373 mundi

91 1419 191 1491 sunt,
213 1409 272 1494 qui
293 1408 468 1474 commissa
488 1407 568 1472 flere
590 1429 659 1473 non
681 1403 857 1491 desinunt,
889 1407 947 1473 aed
974 1429 1100 1474 rursus

90 1507 207 1574 flenda
236 1497 452 1574 committunt.
494 1507 583 1572 Hinc
612 1529 675 1593 per
703 1507 879 1594 quemdam
909 1509 1098 1594 sapientem

93 1605 229 1690 dicitur:
251 1605 333 1688 Qui
353 1605 609 1693 baptizatur
630 1629 651 1674 a
672 1616 853 1690 mortuo,
877 1620 918 1674 et
938 1607 1102 1673 iterum«

92 1709 239 1792 tangit
259 1705 396 1789 illum,
422 1703 522 1794 quid
543 1706 722 1793 proficit
745 1705 912 1774 lavatio
931 1703 1100 1795 ajusto

89 1807 294 1893 Baptizatur
316 1807 442 1893 quippe
465 1815 654 1887 emortuo,
678 1806 737 1891 qui
756 1805 936 1872 mundatur
957 1804 1101 1871 fletibus

92 1928 116 1970 a
136 1917 295 1991 peccator
319 1904 378 1971 sed
399 1915 475 1992 post
496 1905 664 1992 baptisma
684 1912 853 1971 mortuum
872 1906 1000 1989 tangit,
1034 1903 1095 1991 qui

91 2003 228 2094 culpam
249 2015 326 2091 post
346 2003 660 2090 lacrimus‘rcpetit.

155 2103 367 2172 Admonendi
389 2113 484 2187 sunt,
509 2106 568 2191 qui
589 2103 736 2169 admissa
757 2101 935 2188 plangunt,
958 2125 1022 2166 neo
1040 2111 1094 2166 ta·

94 2227 173 2273 meu
194 2203 354 2270 deserunt
361 2251 372 2286 ‚
394 2215 431 2271 ut
453 2212 531 2270 ante
553 2201 696 2268 districti
712 2199 837 2289 judicis
859 2199 974 2268 oculos
992 2201 1041 2266 eia
1056 2223 1095 2268 se

95 2327 171 2370 esse
193 2301 315 2370 similos
333 2311 529 2389 agnoscunt,
553 2303 612 2389 qui
624 2301 800 2368 venientes
819 2300 994 2368 adfaciem
1012 2321 1100 2386 quo*

93 2403 248 2470 rumdam
279 2403 470 2486 hominum,
502 2423 627 2488 magna
661 2404 710 2466 eis
744 2400 965 2468 submissione
997 2400 1097 2468 blan·

96 2504 250 2587 diuntur3
287 2487 483 2570 iecedcntes
516 2513 628 2568 autom
663 2503 855 2568 inimicitias
888 2523 928 2566 ao
959 2501 1097 2584 damna,

96 2623 186 2690 quac
208 2603 335 2683 velent,
358 2605 517 2670 atrociter
538 2601 696 2669 inferunt
739 2601 829 2682 Quid
852 2610 904 2666 est
925 2601 1011 2664 enim
1027 2597 1098 2663 cul·

94 2725 174 2792 pam
207 2702 308 2788 flere,
348 2705 413 2770 nisi
441 2701 661 2769 humilitatem
696 2701 770 2766 Deo
801 2719 882 2765 suae
910 2697 1099 2766 devotionis
1175 2747 1177 2754 s

95 2799 297 2870 ostendere?
337 2803 383 2868 Et
412 2803 573 2890 quidest
601 2809 677 2887 post
705 2798 818 2864 fletum
846 2819 955 2885 prava
984 2817 1101 2883 agore,¹

95 2902 166 2968 nisi
186 2900 350 2985 superbas
372 2902 407 2984 in
429 2925 523 2984 eum,
558 2921 655 2987 quem
676 2909 871 2984 rogaverat,
904 2899 1097 2964 inimicitias

98 3003 283 3067 euerocre?
311 3001 438 3068 Jacobo
454 3009 648 3083 attestante,
672 2999 805 3085 quiait:
830 2997 1099 3082 Quicumque

97 3099 280 3167 voluerit
301 3103 456 3166 amicus
479 3121 575 3166 osse
596 3097 763 3165 saeculi
784 3098 933 3185 hujus,
956 3096 1099 3161 inimi·

97 3223 168 3266 cus
189 3199 271 3265 Dei
292 3201 586 3266 constituitur.
603 3197 633 3288 ι’)
676 3196 886 3266 Admonendi
908 3203 1004 3278 sunt,
1035 3194 1096 3280 qui

96 3299 245 3366 admissa
265 3299 450 3388 plangunt,
474 3321 537 3369 nec
558 3308 670 3368 tamen
692 3297 867 3380 deserunt,
892 3305 931 3360 ut
953 3293 1097 3360 sollicite

96 3401 324 3484 considerent,
348 3401 430 3487 quia
452 3400 500 3465 ita
515 3399 714 3487 plerumque
729 3396 809 3463 mali
825 3393 989 3464 inutiliter
1007 3410 1109 3459 eom-³

133 3629 157 3699 ¹)
173 3628 257 3687 nesta
273 3629 298 3698 ι,
317 3629 359 3685 15.
383 3609 531 3698 -'²)1ui,
550 3631 575 3697 1,
593 3629 634 3685 to.
656 3656 684 3668 -
705 3627 724 3694 ι)
742 3624 813 3682 sui.
826 3623 869 3694 or,
887 3623 929 3683 oo.
949 3653 980 3664 -
998 3621 1020 3690 *ι
1037 3623 1097 3678 ta.

165 3717 182 3772 4
189 3755 197 3786 ν
427 3747 429 3754 .
