2468 4218
468 271 612 362 5.le
654 307 699 338 -a

80 443 119 508 ia
131 439 254 525 lingua·
261 438 400 524 gravius
412 459 477 504 non
490 435 636 522 etalem,
657 437 789 505 dicens:
808 438 931 504 Pater
950 436 1079 507 atri·

77 539 191 622 bam,
223 537 538 619 misereremei,
573 547 614 604 et
642 539 760 604 mitte
781 536 1000 620 Lazarum,
1033 547 1080 606 ut

80 639 273 722 intingat
300 645 527 703 extr-omum
548 637 676 722 digiti
697 639 759 702 sui
781 639 825 702 iu
846 659 1010 724 aquam,
1032 647 1077 704 ut
1197 681 1199 688 ,

77 737 318 824 refrigeret
339 735 530 820 linguam
552 759 695 820 meam,
722 737 824 824 quia
845 737 1013 818 crucior
1033 736 1078 802 in

77 835 160 904 bac
180 836 350 902 flamma.
370 835 397 922 ¹)
431 834 563 914 Quibus
584 835 730 922 profecto
748 838 861 902 verbis
882 837 1077 920 ostenditur,

77 939 163 1022 quia
192 933 360 1022 epulando
385 932 537 1020 *quotidie
567 935 719 1002 crebrius
746 937 781 1002 in
807 933 926 1021 lingua
957 957 1075 1024 pecca·

76 1045 195 1116 verat,
228 1035 285 1120 qui
306 1043 395 1108 totus
417 1032 542 1100 ardens
564 1033 759 1120 refrigerari
781 1056 816 1100 se
838 1037 1018 1122 praecipua
1039 1037 1074 1102 in

75 1134 198 1218 lingua
220 1132 422 1220 requirebat.
464 1133 611 1200 Rursum
640 1135 721 1220 quia
748 1134 847 1218 gulae
874 1131 1003 1198 deditos
1024 1134 1071 1198 le·

76 1233 171 1298 vitas
198 1233 349 1317 protinus
370 1231 479 1317 operis
500 1232 663 1316 sequitur,
693 1234 877 1298 auotoritas
906 1254 1003 1296 sacra
1021 1241 1072 1303 te·

41 1383 47 1396 .
76 1341 207 1410 statur,
230 1330 358 1396 dicens:
393 1328 515 1397 Sedit
535 1331 725 1418 populus
752 1331 1004 1397 manducare
1033 1340 1074 1396 et

76 1427 247 1508 bibere,
269 1437 309 1492 et
330 1440 605 1494 surrexerunt
626 1428 789 1495 ludere.
812 1429 839 1516 2)
886 1429 980 1510 Quos
1003 1427 1073 1514 ple·

75 1551 220 1615 rumque
242 1526 392 1594 edacitas
413 1551 519 1616 usque
543 1527 586 1592 ad
606 1527 776 1594 luxuriam
790 1529 971 1618 pertrahit3
994 1529 1074 1614 quia

76 1629 235 1694 satietate
257 1636 376 1694 venter
397 1629 605 1710 extenditur,
630 1630 741 1694 aculei
761 1629 909 1695 libidinis
926 1628 1073 1694 excitan-

76 1741 144 1796 tur.
189 1727 287 1793 Unde
310 1737 343 1792 et
363 1725 452 1798 hosti
473 1727 611 1810 callido,
636 1730 694 1815 qui
715 1729 814 1816 primi
835 1729 977 1794 hominis
998 1749 1073 1794 aen-

77 1851 151 1898 sum
174 1829 208 1894 in
230 1829 498 1914 coucupiscentia
519 1829 609 1914 pomi
629 1830 778 1914 aperuit,
810 1829 867 1894 sed
890 1829 924 1894 in
947 1827 1076 1915 peccati

75 1928 202 2014 laqueo
227 1928 378 2008 strinxit,
409 1924 524 1992 divina
546 1947 626 1991 voce
653 1926 786 1992 dicitur:
819 1927 1006 1993 Pectore
1033 1936 1074 1990 et

75 2035 229 2092 ventre
253 2049 375 2112 repes
395 2022 441 2112 ³),
465 2048 506 2094 ac
528 2027 557 2090 si
578 2025 610 2088 ei
631 2037 747 2111 aperte
769 2025 951 2092 diceretur:
973 2026 1073 2110 Cogi-

73 2127 204 2196 tatione
237 2138 271 2194 ct
301 2125 450 2209 ingluvie
482 2146 584 2211 super
613 2123 760 2190 bumana
791 2124 891 2189 corda
923 2123 1071 2190 domina·

75 2226 180 2292 beris.
224 2224 316 2305 Quia
336 2225 438 2309 gulae
466 2222 595 2290 deditos
625 2223 762 2288 luxuria
791 2225 962 2307 sequitur,
995 2243 1071 2308 pro·
1126 2225 1127 2228 ’

74 2327 182 2414 pheta
198 2333 363 2407 testatur,
385 2325 444 2409 qui
467 2322 544 2388 dum
565 2333 684 2412 aperta
705 2335 838 2405 narrat,
865 2320 993 2388 occulta
1016 2319 1071 2385 de·

76 2425 224 2506 nuntiat,
247 2424 377 2498 dicens:
413 2422 621 2508 Princeps
643 2446 834 2490 cocorum
856 2421 1073 2488 destruxit

75 2546 215 2591 muros
236 2521 481 2591 Jerusalem.
501 2520 530 2606 l)
575 2523 738 2610 Princeps
761 2545 903 2609 namque
924 2541 1072 2586 cocorum

76 2635 197 2690 venter
218 2631 285 2706 est,
318 2623 373 2688 cui
393 2645 516 2706 magna
539 2643 618 2686 cura
639 2621 835 2709 obsequium
861 2645 881 2686 a
903 2621 990 2686 cocis
1012 2620 1070 2682 im·

75 2722 248 2810 penditur,
271 2732 309 2787 ut
320 2724 390 2810 ipse
406 2721 649 2800 delectabiliter
662 2721 748 2788 cibis
761 2721 952 2808 impleatur.
981 2720 1071 2786 Muri

75 2821 400 2889 autamJerusalem
421 2822 561 2886 virtutes
591 2831 669 2888 sunt
690 2823 841 2902 animae,
871 2821 918 2893 ¹ad
941 2817 1070 2886 deside·

74 2925 165 2988 rium
187 2942 352 3008 supernae
375 2922 469 3008 pacis
491 2920 653 2986 elevatae.
687 2920 851 2988 Oocorum
867 2919 1071 3006 igiturprin·

73 3044 155 3108 ceps
177 3043 287 3087 muros
307 3019 495 3086 Jerusalem
517 3020 646 3107 dejicit3
680 3023 759 3108 quia
783 3023 860 3086 dum
883 3030 999 3086 venter
1020 3019 1070 3083 in·

73 3121 188 3207 glarie
209 3120 415 3200 extenditur,
439 3121 579 3186 virtutes
601 3123 733 3186 animae
753 3143 813 3206 per
834 3120 1002 3187 luxuriam
1015 3117 1071 3182 de-

74 3232 262 3288 struuntur.

139 3319 216 3400 Quo
238 3330 354 3386 contra
376 3321 441 3384 nisi
465 3333 592 3391 mentes
614 3320 855 3386 abstinentium
873 3317 1073 3404 plerumque

11 3473 13 3482 .
73 3421 286 3507 impatientia
307 3443 328 3484 a
350 3420 425 3510 siun
447 3420 704 3507 tranquillitatis
725 3428 914 3499 excuteret,
945 3437 1073 3502 nequa·
1189 3513 1191 3516 Ι

110 3631 132 3691 ¹)
149 3628 216 3682 Luc.
233 3628 274 3694 16,
292 3629 335 3685 24.
354 3659 387 3670 -
405 3629 426 3693 ²)
444 3629 526 3683 Exod.
544 3627 585 3694 32,
604 3630 630 3684 6.
651 3659 680 3670 -
702 3629 725 3700 ⁸)
743 3630 808 3686 Gon.
826 3629 851 3698 3,
870 3630 910 3684 il.
931 3658 962 3668 -
982 3627 1002 3698 ‘l
1020 3630 1077 3684 Jor·

146 3713 188 3782 39,
206 3713 231 3770 9.
267 3713 293 3769 4.
311 3717 376 3784 Bag.
394 3715 497 3783 2210.
