2486 4222
456 260 661 326 ..17-

50 427 235 508 noscimus,
259 425 289 490 si
302 423 443 492 duorum
464 423 735 514 prophetantium
755 421 847 490 fecta
860 445 1054 510 pensamus,

49 549 199 615 quorum
220 547 308 590 unus
318 572 328 606 ‚
353 533 393 590 ut
413 524 458 590 ad
478 522 741 612 praedicandum
762 523 849 595 mitti
871 521 1054 606 debuisset,

48 634 171 712 sponte
201 646 237 690 se
264 624 439 710 praebuit,
472 646 538 710 quo
561 633 674 688 tamen
704 621 791 688 alter
813 643 956 710 pergere
979 645 1054 687 cum

49 745 178 811 pavore
201 725 380 792 recusavit.
417 719 532 790 ¹Isaiae
555 722 680 808 quippe
701 720 845 788 Domino
866 725 1054 808 quaerenti,

50 845 154 910 quem
175 823 331 904 mitteret,
353 821 443 888 ultro
466 844 501 888 se
524 819 646 887 obtulit
667 819 797 886 dicens:
834 821 940 886 Ecce
968 844 1052 908 ego,
1170 825 1172 830 ’

51 923 172 986 mitte
193 943 259 986 me.
282 916 307 1006 ¹)
341 921 506 986 ieremias
527 930 639 986 autem
658 919 812 1000 mittitur,
836 927 991 986 ettamen
1011 943 1054 988 ne

39 1021 139 1088 'mitti
161 1017 294 1102 debeat,
324 1016 496 1086 humiliter
516 1020 702 1085 reluctatur
724 1016 858 1082 dicens:
900 1018 942 1102 A,
965 1043 997 1102 a,
1021 1043 1054 1105 a,

49 1118 228 1184 Domine
249 1117 376 1200 Deus,
400 1140 490 1182 ecee
512 1119 655 1184 nescio
677 1115 805 1203 loqui,
829 1119 930 1202 quia
951 1141 1055 1206 puer

50 1240 128 1304 ego
152 1239 249 1288 sum.
265 1215 293 1304 2)
321 1215 585 1304 Enabutrisque
594 1217 742 1282 exterius
758 1214 891 1282 diversa
905 1239 1054 1303 voxpro·

50 1317 136 1397 diit,
166 1315 226 1384 sed
248 1338 314 1382 non
344 1340 365 1380 a
386 1314 520 1382 diverso
541 1315 632 1382 fonte
663 1314 851 1382 dilectionis
873 1320 1053 1383 emanavit.

50 1417 131 1482 Duo
155 1415 280 1502 quippe
302 1425 380 1480 sunt
401 1426 585 1502 praecepte
607 1415 776 1498 caritatis,
808 1415 875 1480 Dei
896 1416 1053 1482 videlicet

50 1537 144 1580 amor
168 1523 203 1578 et
223 1514 372 1600 proximi.
417 1514 482 1578 Per
499 1515 642 1580 activam
660 1517 764 1600 igitur
778 1519 882 1581 vitam
895 1516 1052 1603 prodesse
1153 1529 1155 1533 ’

49 1613 213 1700 proximis
236 1614 375 1700 cupiens
398 1613 508 1678 Isaias
538 1613 681 1680 officium
709 1617 970 1703 praedicationis
993 1641 1052 1704 ap-

49 1713 153 1799 petit:
175 1733 235 1798 per
257 1712 551 1798 contemplativam
573 1735 651 1779 vero
669 1715 691 1779 J
694 1718 834 1780 eiemias
851 1717 956 1782 amori
974 1738 1052 1782 con·

49 1811 170 1878 diteris
203 1809 317 1878 sedulo
348 1811 526 1876 inhaerere
565 1811 779 1895 desiderans,
820 1837 862 1878 ne
892 1816 977 1880 mitti
1010 1816 1053 1880 ad

48 1909 312 1998 praedicandum
334 1909 471 1993 debeat,
503 1912 710 1978 contradicit.
754 1913 855 1992 Quod
877 1937 957 2000 ergo
978 1915 1051 1981 leu-

47 2009 207 2078 dabiliter
228 2010 314 2076 alter
336 2011 489 2098 appetiit,
517 2013 579 2076 hoc
599 2012 819 2078 laudabiliter
841 2013 924 2080 alter
946 2037 1051 2101 expa-

48 2112 108 2179 vit.
153 2110 223 2176 Iste
245 2133 287 2174 ne
309 2111 432 2174 tacitae
455 2109 742 2197 contemplationis
771 2112 866 2178 lucra
885 2111 1051 2199 loquendo

48 2209 223 2299 perderet,
246 2209 299 2274 ille
321 2232 363 2276 ne
386 2210 508 2276 damna
529 2220 559 2276 st
546 2210 670 2276 tudiosi
692 2213 802 2299 operis
820 2212 960 2276 tacendo
976 2233 1050 2276 sen·

48 2313 136 2378 tiret.
181 2309 249 2376 Sed
269 2309 362 2376 hoc
353 2332 388 2374 ιιι
409 2333 431 2373 u
433 2310 561 2396 trisque
582 2319 632 2374 est
619 2310 820 2376 tsubtiliter
841 2311 1047 2393 intuendum,

50 2411 133 2497 quia
156 2421 189 2475 et
210 2410 255 2491 is,
280 2409 339 2494 qui
360 2411 551 2490 recusavit,
575 2395 675 2496 plene
698 2434 765 2476 non
786 2413 924 2493 restitit,
954 2420 987 2475 et
1007 2411 1047 2492 is,

50 2512 112 2598 qui
132 2511 263 2575 mitti
241 2509 361 2592 soluit,
396 2518 474 2574 ante
496 2531 570 2596 per
585 2509 633 2575 alt
620 2511 702 2576 teris
726 2510 890 2576 calculum
914 2531 949 2575 se
971 2533 1049 2597 pur·

49 2621 167 2697 gatnm
198 2609 299 2692 vidit3
332 2632 374 2674 ne
405 2621 557 2675 autnon
587 2621 752 2696 purgatus
780 2609 875 2674 adire
907 2610 1049 2696 quisque

50 2734 150 2777 sacra
178 2711 365 2775 ministeria
394 2709 533 2790 audeat,
568 2719 627 2773 aut
648 2731 746 2793 quem
770 2729 916 2793 superna
939 2708 1051 2794 gratia

50 2811 170 2897 elegit,
207 2809 268 2874 sub
299 2807 499 2874 humilitatis
528 2811 639 2895 specie
663 2808 805 2897 superbe
833 2808 1051 2874 contradicat.

49 2909 142 2991 Quia
164 2911 268 2994 igitur
289 2907 390 2974 valde
413 2907 549 2974 difficile
573 2917 640 2989 est,
674 2917 855 2996 purgatum
878 2929 913 2974 se
937 2927 1051 2995 qnem-

49 3007 135 3075 libet
164 3031 263 3096 posse
285 3029 504 3093 cognoscere,
538 3008 800 3093 praedicationis
829 3007 973 3073 officium
1000 3015 1052 3071 tu·

49 3109 115 3175 tius
144 3107 347 3190 declinatur3
381 3129 442 3174 nee
469 3119 582 3173 tamen
615 3105 794 3188 declinari,
832 3117 870 3171 ut
891 3106 1051 3188 diximus,

49 3209 270 3294 pertinaciter
299 3205 417 3290 debet,
448 3231 522 3273 cum
555 3205 599 3270 ad
630 3204 880 3291 suscipiendum
907 3202 970 3270 hoc
999 3227 1052 3268 su·

49 3329 160 3395 perna
170 3306 327 3373 voluntas
339 3309 542 3393 agnoscitur.
555 3303 581 3393 ³)
613 3303 712 3386 Quod
722 3303 857 3392 Moyses
873 3313 1051 3389 utrumque

230 3431 341 3444 —-

90 3479 110 3540 ⁴)
134 3474 201 3528 Issi.
219 3474 252 3541 6,
270 3473 295 3529 8.
315 3503 348 3514 -
381 3470 405 3540 ²)
423 3473 476 3524 Jer.
496 3471 527 3538 1,
546 3471 571 3526 6.
592 3499 621 3508 -
658 3469 715 3539 ⁸),
717 3471 799 3524 Aliud
817 3478 857 3525 est
873 3470 971 3524 ambire
991 3471 1053 3540 dig-

137 3561 243 3612 nitatem
261 3561 376 3612 humano
393 3557 502 3623 affeetu,
527 3556 601 3610 aliud
618 3557 711 3608 ardore
728 3561 753 3608 et
770 3555 896 3608 desiderio
914 3555 978 3608 bene
996 3568 1053 3607 me-

134 3643 209 3698 rendi
227 3645 258 3697 de
274 3642 422 3712 plurimisfl
456 3640 483 3694 S.
501 3642 580 3695 Bern.
598 3655 638 3708 ep.
656 3640 752 3696 12.-
777 3641 893 3694 Historia
911 3643 942 3694 de
960 3643 1053 3756 Moyse

137 3729 236 3800 legitur
252 3729 334 3784 Exci.
354 3729 417 3798 Gap.
437 3729 488 3781 111.
506 3734 531 3780 et
548 3728 594 3780 lv.
