2486 4222
580 201 787 272 -κ,

182 381 252 437 tum
269 375 596 456 sepeunatoremque
610 364 786 452 iutelligit,
807 366 1029 452 cognitionem
1046 367 1191 436 intimae

184 469 345 535 eminus
367 466 599 553 apprehendit.
643 464 681 530 Si
702 475 814 532 autem
836 465 1015 534 eandorem
1038 466 1104 534 eibi
1127 469 1189 554 ju·

184 570 297 636 antiae
328 587 387 634 seu
417 567 605 654 sapiemiae
634 565 770 649 tribuit,
805 589 828 632 a
852 563 927 634 luce
956 588 992 634 se
1014 589 1188 655 supernae

183 668 384 753 uognitionis
416 664 581 748 excludit3
611 675 645 732 et
667 687 707 732 eo
734 664 924 734 claritatem
945 667 1018 734 veri
1046 665 1190 734 luminis

181 788 398 855 nequaquam
420 773 591 852 penetrat3
623 786 689 850 quo
714 783 749 830 se
771 763 863 851 apud
885 786 920 830 se
941 787 1001 851 per
1023 785 1188 851 arrogan-

181 868 263 934 tiam
285 863 430 932 eradiat:
458 865 545 932 siout
565 863 607 930 de
630 863 830 948 quibusdam
853 863 988 932 dieitur:
1029 864 1187 932 Dioen·

181 974 248 1032 tea
281 965 390 1032 enim
421 985 464 1032 se
499 986 594 1030 esse
628 963 871 1050 sapientes,
913 962 1039 1030 stulti
1071 963 1188 1030 fanti

184 1074 289 1135 aunt.
310 1062 336 1149 ¹)
368 1064 489 1149 Jugem
511 1085 590 1132 vero
611 1061 715 1130 babet
736 1061 895 1144 scabiem,
918 1065 973 1128 oni
996 1063 1105 1130 carnia
1123 1084 1185 1150 pe·

181 1163 326 1232 tolentia
348 1165 420 1230 sine
433 1164 619 1230 cessatione
634 1163 832 1232 dominatur.
868 1163 910 1228 In
928 1161 1041 1228 scabie
1059 1163 1186 1228 etenim

180 1265 291 1332 iervor
313 1265 479 1330 viscerum
501 1263 546 1330 ad
565 1273 674 1332 autern
695 1261 860 1344 trahitur,
882 1284 942 1350 per
965 1283 1065 1350 quum
1089 1271 1185 1328 reete

180 1363 318 1432 luxuria
340 1362 551 1447 designatum
574 1362 654 1448 quia
677 1364 706 1430 ai
728 1361 838 1430 cordis
860 1363 1000 1430 tentatio
1012 1383 1120 1448 usque
1134 1361 1185 1428 ad

181 1464 408 1551 operationem
429 1460 578 1546 prosilit,
601 1461 757 1526 nimirum
778 1460 890 1526 fervor
915 1461 1052 1528 intimus
1073 1483 1186 1548 usque

180 1561 224 1630 ud
254 1563 341 1628 ontis
369 1557 514 1626 scabiem
541 1561 751 1646 prorumpit,
786 1558 930 1626 otieris
958 1561 1024 1644 iam
1058 1582 1186 1646 eorpus

182 1661 327 1744 aaudiat3
355 1660 435 1747 quia
457 1657 536 1728 dum
556 1661 593 1724 in
619 1661 820 1744 cogitatione
847 1658 1005 1746 voluptas
1036 1683 1104 1727 non
1126 1681 1184 1724 re-

178 1761 353 1849 primitur,
387 1761 486 1826 etiam
511 1760 546 1826 in
568 1761 697 1826 notione
719 1758 918 1828 dominatur.
963 1760 1071 1840 Quasi
1092 1760 1185 1826 enim

179 1861 265 1928 ontio
291 1860 501 1949 pruriginem
527 1857 656 1928 Paulus
682 1856 825 1926 curabat
853 1856 1066 1943 abstergere,
1103 1881 1184 1923 cum

179 1959 324 2026 dinebat:
346 1960 549 2026 Tentatio
571 1980 644 2026 voa
667 1979 742 2026 non
765 1956 1070 2045 apprehendat,
1092 1958 1184 2024 nisi

178 2057 356 2126 humana
380 2056 421 2145 2);
450 2081 491 2125 au
513 2059 542 2123 ai
570 2066 685 2143 aperte
713 2057 851 2124 diceret:
883 2058 1075 2139 Humanum
1105 2060 1182 2145 qui-

179 2159 253 2226 dum
276 2167 328 2225 est
348 2159 564 2226 tentationem
586 2157 621 2224 iu
638 2156 734 2222 eorde
755 2159 902 2245 perpeti,
926 2157 1182 2224 daemoniacum

178 2279 259 2326 vero
281 2266 333 2324 est
360 2260 397 2324 in
426 2257 619 2324 tentationis
647 2258 826 2324 certamine
855 2269 888 2324 et
916 2259 951 2324 in
980 2259 1180 2344 operatione
1235 2249 1236 2256 ἵ

179 2359 342 2446 superari.
393 2357 627 2444 impetiginem
660 2377 792 2443 quoque
825 2355 928 2422 habet
959 2359 994 2422 in
1026 2378 1179 2446 eorpore,

178 2457 489 2545 quiaquisavaritia
510 2463 663 2521 vastatur
685 2457 721 2520 in
741 2466 862 2524 mente:
885 2478 972 2544 quae
995 2458 1023 2522 si
1044 2457 1080 2522 in
1093 2477 1179 2542 pur·

176 2556 226 2624 ria
247 2578 316 2622 non
337 2551 571 2642 oompeeoitur,
601 2555 757 2620 nimirum
779 2557 850 2622 sine
872 2578 1028 2622 mensura
1050 2555 1178 2622 dilata·

177 2664 239 2721 tur.
282 2656 445 2742 Impetigo
477 2652 603 2741 quippe
633 2655 706 2720 aine
736 2653 850 2722 dolore
876 2677 995 2743 eorpus
1017 2664 1176 2744 occupat,

176 2764 210 2824 ot
224 2754 352 2844 absque
367 2753 522 2840 occupati
532 2751 641 2843 taedio
664 2775 862 2822 exeresoens
880 2754 1102 2820 membrorum
1115 2753 1175 2818 de-

176 2875 284 2922 eorem
305 2855 435 2936 foedat3
465 2853 545 2938 quia
569 2862 603 2918 et
627 2855 773 2922 avaritia
797 2856 887 2940 eapti
902 2854 1069 2935 animum,
1091 2853 1175 2921 dum

176 2957 275 3042 quasi
296 2952 452 3033 delectat,
474 2950 659 3036 exulcerat,
679 2954 757 3019 dum
777 2952 997 3040 adipiscenda
1015 2975 1174 3041 quaeque

175 3053 368 3142 cogitationi
391 3049 520 3138 objicit,
543 3051 588 3116 ad
608 3052 797 3118 inimicitias
819 3051 989 3136 accendit,
1021 3064 1054 3120 et
1076 3052 1173 3119 dolo-

174 3175 245 3224 rem
265 3155 300 3221 in
322 3149 463 3218 vulnere
486 3173 554 3218 non
574 3149 672 3234 facit,
697 3151 777 3238 quia
799 3154 967 3218 aestuanti
994 3153 1104 3219 animo
1126 3173 1174 3218 ex

174 3252 272 3342 eulpa
297 3247 538 3318 abundantiam
564 3251 738 3338 promittit.
787 3249 854 3318 Sed
881 3250 981 3318 deoor
1005 3251 1174 3317 membro·
1233 3239 1234 3282 ³

173 3373 246 3420 rum
268 3345 444 3441 perditur,
475 3350 556 3436 quia
583 3349 726 3418 aliarum
757 3372 888 3438 quoque
915 3351 1077 3426 virtutum
1105 3371 1181 3436 per.

172 3448 262 3518 hane
282 3444 492 3535 pulobritudo
513 3447 731 3537 depravatum
754 3459 787 3516 et
808 3451 906 3536 quasi
927 3458 1032 3518 totum
1045 3472 1177 3536 eorpus

206 3669 225 3733 ¹)
245 3669 318 3726 Rom.
337 3672 368 3740 1,
384 3669 428 3728 22.
449 3697 478 3710 -·
500 3667 563 3736 ²)1‘.
582 3668 641 3724 Gor.
661 3669 708 3738 10,
727 3667 769 3726 13.
