2462 4220
499 238 724 312 ..rra-

111 427 191 498 por
218 407 463 492 nonaginta
494 425 640 476 novom
663 406 822 494 justis,
852 406 1009 491 auibus
1027 429 1111 482 noa

112 527 224 594 opus
247 515 314 576 ost
330 506 621 594 ,poenitentia
638 504 664 590 ¹)
707 504 807 586 Quod
838 505 940 576 titius
965 509 1110 595 sripso

112 619 179 677 utu
199 604 396 691 colligimus,
422 605 606 674 annonas
627 606 749 674 montis
771 605 903 693 judioia
921 629 1110 694 personna

112 703 196 774 Plus
218 726 364 791 namquo
392 714 518 773 terram
545 703 738 790 diligimus,
771 727 858 792 quae
889 716 966 794 post
994 707 1111 792 spinas

114 813 257 870 asarota
277 803 551 872 fruotusubarss
572 801 736 891 producit,
758 825 858 891 quarn
887 826 976 886 quaa
997 803 1111 874 nullas

114 903 231 990 spinas
253 901 384 986 habuit,
408 901 467 970 sod
487 912 600 970 tauron
628 903 763 972 exsulta
791 903 940 971 sterilem
964 913 1111 990 segetem

114 1002 236 1088 gignit.
276 999 486 1068 Admonendi
513 1012 590 1070 snut
611 1011 749 1089 poooata
772 1002 881 1068 earnis
903 1003 1109 1087 ignorantes,

113 1125 159 1168 ns
182 1101 363 1190 superioris
374 1099 501 1168 ordinis
513 1099 713 1169 salsitudine
726 1121 762 1168 se
773 1102 1110 1189 ostsriapraefaraoi,

114 1223 191 1270 oum
208 1200 253 1268 ab
274 1199 491 1270 inferioribus
513 1208 641 1286 quanta
663 1223 699 1266 ne
720 1200 841 1268 molius
861 1211 1027 1286 agantur,
1060 1203 1111 1288 ig-

112 1309 246 1368 norant.
295 1300 338 1366 In
370 1301 522 1366 examina
555 1321 699 1387 namque
733 1301 818 1368 ronti
848 1301 974 1389 judicis
1003 1311 1112 1370 mutat

113 1398 235 1464 marita
256 1397 408 1464 ordinum
430 1400 578 1484 qualitas
599 1400 777 1469 actionum.
819 1399 909 1481 Quis
928 1404 1017 1470 enim
1034 1423 1112 1468 oona

115 1496 272 1567 sideratis
299 1498 384 1584 ipsis
410 1521 524 1564 rorum
553 1501 759 1584 imaginibus
786 1503 932 1582 nesciat,
961 1500 1051 1588 quod
1076 1501 1114 1569 in

114 1606 241 1664 natura
251 1619 455 1684 gemmarum
464 1597 686 1668 carbunculus
694 1598 1112 1687 praeferaturhyarinthol

116 1696 185 1766 Sed
205 1705 318 1764 tamen
330 1695 478 1764 coerulei
498 1698 616 1768 coloris
627 1699 829 1787 hyacinthus
840 1701 1029 1786 praefertur
1038 1699 1111 1788 pal·

113 1797 200 1864 lauti
229 1795 451 1879 oarbunoulo;
481 1799 561 1884 quia
584 1808 624 1887 ‘et
644 1798 709 1881 illi,
743 1797 833 1882 quod
862 1809 1003 1867 naturae
1031 1798 1112 1866 ordo

114 1893 309 1979 subtrahit,
332 1897 462 1984 apeoiss
484 1897 616 1964 decoris
637 1895 810 1984 adjungit,
833 1908 866 1964 et
885 1898 992 1979 huno,
1016 1920 1116 1985 quern

115 1995 281 2064 naturalis
310 1997 390 2064 ordo
413 1996 635 2085 praetulerat,
666 1996 787 2066 coloris
816 1996 964 2083 qualitas
991 1996 1115 2064 foedat.

116 2093 177 2160 sio
207 2117 287 2180 ergo
315 2097 352 2162 in
380 2095 523 2163 humano
550 2117 673 2182 genere
702 2105 736 2162 st
768 2096 904 2183 quidam
932 2097 967 2162 in
985 2095 1117 2166 meliori

117 2194 236 2265 ordino
256 2195 441 2263 doteriores
469 2206 564 2281 sunt,
594 2205 629 2262 st
651 2197 786 2283 quidam
806 2198 844 2262 in
871 2194 1026 2263 deteriori
1047 2218 1114 2262 ma·

116 2295 233 2380 lioras3
257 2298 337 2384 quia
359 2307 393 2364 at
413 2297 471 2364 isti
493 2307 612 2364 sortem
635 2297 775 2366 extremi
796 2295 932 2365 habitus
956 2295 1041 2362 bena
1064 2297 1115 2362 vi·

115 2395 226 2464 vando
246 2397 510 2478 transcendunt,
542 2406 576 2462 ot
597 2395 646 2460 illi
668 2397 851 2483 superioris
877 2394 942 2464 loni
962 2395 1116 2465 meritum

116 2495 265 2563 moribus
289 2519 357 2564 non
378 2497 573 2586 exequendo
596 2497 793 2567 diminuunt.

427 2697 645 2764 CAPUT
684 2696 815 2766 XXIX.

118 2850 294 2920 Quomodo
317 2850 625 2919 admonendi,qui
654 2853 790 2917 psoram
814 2862 954 2916 operum
982 2845 1117 2915 lugent

345 2935 595 3004 etquisolum
622 2934 890 3002 oogstafionum.

181 3071 292 3140 Aliter
321 3071 521 3139 admonendi
551 3082 648 3154 sunt,
681 3073 740 3159 qui
773 3081 912 3157 peccata
939 3069 1118 3156 deplorant

118 3197 270 3264 operum,
293 3185 394 3261 atquo
415 3171 526 3253 aliter,
551 3172 608 3259 qui
619 3172 866 3258 cogitationum.
907 3167 1119 3236 Admonendi

119 3275 247 3364 quippe
270 3283 358 3358 sunt,
381 3273 440 3360 qui
462 3280 598 3358 peccata
615 3271 790 3358 deplorant
811 3291 959 3362 operum,
982 3278 1020 3336 ut
1042 3289 1117 3338 con·

121 3383 288 3442 summata
317 3373 408 3438 mala
436 3371 586 3460 perfecta
615 3369 748 3440 diluant
774 3371 935 3453 lamenta,
964 3393 1007 3436 no
1039 3370 1117 3460 plus

118 3471 377 3558 adstringantur
397 3474 432 3540 iu
455 3468 566 3540 debito
587 3473 773 3560 perpetrati
795 3472 906 3562 operis
916 3520 926 3556 ,
950 3479 984 3536 et
1005 3471 1118 3538 minus

156 3715 424 3785 ¹)Lut.15,10.⁸
