2462 4220
438 259 663 327 -199-

39 431 184 495 viarum.
227 428 272 492 Et
300 425 363 491 hoc
391 431 462 512 egit
494 429 623 493 sentina
655 427 795 498 latenter
829 447 1038 508 excrescens,

42 527 135 616 quod
164 535 319 614 patenter
348 527 495 614 procella
525 527 688 592 saeviens.
731 526 776 590 Et
800 526 927 590 minute
949 534 1038 606 sunt,

42 647 133 714 quae
157 635 334 711 erumpunt
355 625 510 691 membris
539 645 599 710 per
622 624 766 689 scabiem
787 624 946 705 vulnera,
981 621 1040 688 sed

39 749 120 791 cum
142 723 320 1006 muiitudo
343 747 456 790 eornm
485 723 772 790 innumerabiliter
801 733 959 810 occupet,
992 723 1041 788 sic

38 828 150 890 vitam
173 844 199 904 o¹
229 825 321 910 poris
351 826 437 888 sicut
463 847 566 888 unum
595 845 699 908 greve
725 823 887 888 inflictum
911 823 1040 910 pectori

37 923 203 992 vulnus
246 933 309 988 cet.
360 923 448 989 Hinc
482 923 634 990 videlicet
670 924 827 1010 scriptum
857 930 922 986 est:
961 922 1040 1002 Qui

36 1010 427 1108 modiocifispernit,
461 1021 671 1110 paulatim
707 1020 873 1086 decidit.
894 1023 919 1102 ¹)
971 1021 1040 1102 Qui

36 1125 134 1188 enim
163 1133 301 1207 peccata
328 1124 463 1186 minima
492 1121 572 1186 flere
593 1143 636 1186 ae
655 1121 802 1186 devitare
825 1120 984 1206 negligit,
1018 1145 1039 1184 e

38 1233 137 1288 statu
155 1221 306 1306 justitiae
329 1243 397 1286 non
420 1219 551 1304 quidem
574 1229 723 1306 repente,
748 1221 806 1285 sed
824 1220 976 1307 partibus
990 1229 1040 1284 to·

35 1332 97 1386 tus
121 1317 222 1384 cadit.
237 1317 263 1404 ²)
307 1318 517 1384 Admonendi
539 1328 633 1400 sunt,
669 1319 784 1400 quiin
807 1320 949 1386 minimis
970 1318 1038 1382 fre·

36 1429 187 1508 quenter
204 1416 387 1499 excedunt,
412 1428 450 1482 ut
465 1416 602 1482 sollicite
615 1418 836 1502 considerent,
861 1420 940 1506 quia
956 1441 1038 1484 nou·

35 1539 215 1603 nunquam
237 1518 272 1582 in
294 1538 401 1602 parva
423 1517 586 1599 deterius,
620 1539 718 1602 quam
742 1519 777 1584 in
798 1519 917 1606 majori
938 1516 1040 1605 culpe

35 1627 213 1706 peccatur.
257 1616 368 1702 Major
399 1617 487 1680 enim
516 1639 581 1704 quc
603 1617 719 1702 citius,
754 1621 833 1704 quie
863 1619 905 1684 sit
926 1617 1039 1702 culpa,

35 1716 252 1802 agnoscitur,
278 1739 316 1781 ec
338 1715 438 1779 etiam
456 1715 596 1781 celerius
613 1717 823 1802 emendatum
845 1717 951 1784 minor
963 1737 1042 1783 vero

35 1817 123 1882 dum
145 1813 242 1897 quasi
263 1812 360 1879 nulle
382 1813 546 1897 creditur,
568 1837 606 1880 eo
623 1819 736 1902 pejus,
762 1837 826 1903 quo
843 1826 877 1881 et
889 1817 1041 1883 securius

36 1919 76 1982 in
101 1935 166 1978 usu
188 1915 361 1979 retinetur.
400 1910 500 1978 Unde
523 1913 560 1978 lit
580 1913 791 2000 plerumque,
814 1923 852 1980 ut
873 1937 964 1982 mens
986 1937 1039 1981 es·

44 2065 330 2088 *ιιι-Ἀ

75 2159 98 2222 ¹)
117 2155 200 2212 Eccli.
218 2157 268 2222 19,
287 2157 311 2208 l.
331 2185 364 2194 -
401 2155 420 2222 ¹)
439 2158 575 2225 Quatenus
599 2159 698 2211 scilicet
721 2163 853 2226 peccatum
878 2157 981 2212 veniale
1004 2173 1038 2211 ex

113 2242 286 2312 dispositione
302 2240 419 2308 agentis,
438 2247 463 2295 et
480 2243 616 2310 indirecte,
634 2258 680 2312 per
697 2243 799 2296 modum
810 2243 963 2297 removentis
974 2257 1039 2312 pro·
1060 2253 1062 2264 ·

111 2327 219 2395 tibens,
237 2328 357 2396 disponit
369 2329 403 2380 cd
421 2328 537 2382 mortulo.
573 2329 605 2380 Et
617 2330 718 2398 quidem
729 2344 762 2382 cx
772 2331 942 2398 dispositione
953 2343 1038 2396 egen·

112 2415 160 2479 tis,
187 2415 484 2482 secuudunnqucndcn
509 2417 719 2482 consequentium
743 2417 776 2470 sd
794 2421 942 2488 peccatum,
968 2415 1038 2482 qnod

111 2505 153 2570 cst
170 2500 324 2556 mortalem
341 2505 414 2572 parte
431 2501 543 2568 egentis.
578 2502 841 2570 Augmeutstaenirn
867 2501 1070 2570 dispositione,

112 2585 156 2638 vel
174 2586 264 2638 habitu
282 2599 328 2654 per
344 2590 420 2638 actus
438 2591 600 2654 peccaterum
619 2585 775 2654 venialium,
792 2587 820 2640 iu
838 2592 937 2640 tantum
956 2588 1040 2656 potest

111 2667 193 2724 libido
210 2671 336 2740 peccandi
354 2685 484 2738 crescere,
504 2673 648 2742 quoditie,
676 2673 721 2740 qui
740 2677 843 2741 peccat,
866 2671 942 2726 linem
962 2657 1038 2725 suum

112 2753 253 2809 constituet
274 2757 301 2807 iu
325 2762 430 2824 peccsto
449 2757 555 2810 venisli.
590 2759 655 2809 Nem
673 2758 813 2826 unicuique
826 2735 941 2810 'habenti
958 2755 1038 2816 hubi·
1065 2759 1070 2764 “

111 2847 181 2908 tmn,
199 2841 226 2892 in
245 2845 370 2908 qnantum
389 2841 556 2912 hujusmodi,
576 2841 634 2895 duis
651 2853 691 2896 cst
702 2844 816 2912 operatio
829 2843 970 2896 secundum
986 2841 1039 2894 hc-

111 2927 211 2994 iritum:
239 2932 265 2980 et
292 2927 332 2980 sic
356 2927 488 2982 multoties
512 2929 643 2996 peccando
668 2929 806 2982 venialiter
830 2929 981 2996 disponetur
1005 2927 1039 2980 cd
1063 2953 1068 2964 ·
1171 2911 1174 2920 ’

112 3019 247 3082 precntum
264 3014 380 3070 morule.
399 3043 433 3054 -
456 3013 520 3068 Alio
539 3015 612 3068 modo
630 3019 705 3068 ectus
728 3016 858 3066 humanus
875 3013 989 3082 disponit
1005 3012 1042 3064 cd,
1064 3027 1067 3037 ·

111 3099 215 3168 aliquid
232 3101 386 3153 removendo
406 3099 560 3169 prohibens:
579 3105 604 3154 et
620 3102 670 3154 hcc
687 3101 762 3154 modo
785 3103 917 3168 peccatum
936 3096 1040 3152 reniale

111 3200 261 3252 exgenere
279 3190 362 3254 potest
380 3187 516 3256 disponere
534 3188 566 3238 cd
584 3186 692 3240 morule
709 3201 743 3240 cx
760 3201 862 3254 genere.
898 3184 950 3254 Qui
971 3182 1042 3236 enim

112 3276 204 3348 peccet
228 3271 367 3325 venialiter
391 3287 424 3324 ex
449 3287 559 3340 genere,
587 3273 764 3340 praetermittit
780 3273 891 3342 aliquem
911 3268 1041 3322 ordinem:

111 3361 139 3409 'et
164 3371 197 3409 ex
218 3357 279 3420 hoc,
307 3357 374 3425 quod
395 3359 541 3410 consuescit
565 3357 721 3412 voluntatem
746 3373 821 3414 suem
848 3357 876 3408 in
894 3353 1040 3408 minoribus
1065 3427 1070 3433 Ι

110 3441 199 3496 osuiu
216 3443 298 3495 ordini
316 3457 369 3496 non
387 3443 529 3514 subjicere,
556 3443 701 3514 disponitur
723 3445 757 3497 cd
780 3445 845 3508 hoc,
873 3441 940 3510 quod
962 3439 1040 3494 ctiam
1066 3455 1070 3462 ·

112 3527 272 3584 sulcantem
290 3542 366 3581 suum
383 3543 436 3582 non
454 3529 576 3600 subjiciet
599 3529 683 3584 ordini
714 3529 800 3582 ultimi
818 3527 892 3592 linis,
919 3525 1041 3593 eligendo

112 3613 155 3679 id,
182 3615 251 3680 quod
274 3621 315 3668 cst
341 3619 473 3683 peccatum
497 3615 603 3669 mortulo
626 3629 660 3670 ex
683 3629 787 3684 genere.
822 3614 865 3668 Its
881 3611 911 3672 S.
929 3615 1044 3666 rhomes

112 3699 457 3768 L2cffiudmc
