2462 4216
438 285 662 351 -1'174

13 449 217 537 conjugiis
249 451 373 538 quippe
409 461 564 518 terrenae
593 443 837 517 sollicitudines
868 449 1053 538 prodeunt}

16 561 70 617 et
96 549 232 615 idcirco
254 551 417 634 magister
445 549 595 634 gentium
617 547 788 615 auditores
818 571 897 615 suos
918 550 962 615 ad
983 571 1050 615 me·

17 650 139 716 liora
160 651 346 735 persuasit,
380 671 424 714 ne
446 645 670 714 sollicitudine
692 658 827 714 terrena
850 647 1049 734 ligarentur.

23 748 163 829 Quem
183 749 288 840 igitur
314 746 479 814 caelibem
506 771 663 814 curarum
690 747 1049 837 seculariumimpedi-

21 845 413 933 mentnmypraepedit,
435 857 469 912 ot
490 848 649 933 conjugio
674 868 710 912 se
732 869 948 935 nequaquam
971 849 1050 916 sub·

21 947 149 1029 didit,
174 955 208 1011 et
229 953 340 1011 tamen
363 946 511 1032 conjugii
543 965 647 1010 onera
669 958 737 1011 non
767 948 883 1012 evasit.
925 949 1050 1015 Admo-

19 1044 153 1114 nendi
180 1053 260 1110 sunt
293 1044 458 1127 caelibes,
492 1068 534 1111 ne
563 1046 635 1110 sine
668 1044 892 1112 damnationis
919 1048 1049 1134 judicio

23 1146 184 1215 misceri
213 1166 248 1209 se
280 1144 415 1211 feminis
443 1145 645 1212 vacantibus
674 1153 804 1231 putent.
847 1145 932 1211 Cum
961 1148 1050 1215 enim

24 1243 179 1314 Paulus
200 1242 433 1312 fornicationis
453 1245 570 1310 vitium
591 1253 640 1310 tot
672 1242 866 1310 criminibus
888 1267 1049 1312 execran-

28 1345 100 1413 dis
126 1345 279 1426 inseruit,
300 1345 396 1430 cujus
419 1346 463 1409 sit
483 1355 598 1411 reatus
620 1344 792 1426 indicavit,
817 1343 952 1411 dicens:
972 1345 1049 1410 Ne·

29 1465 131 1534 que
165 1443 478 1526 fornicatores,
509 1465 657 1531 neque
686 1443 828 1510 idolis
858 1445 1050 1513 servieu-

28 1561 139 1626 teS,
163 1565 297 1631 neque
321 1543 448 1609 adult
435 1545 534 1626 teri,
565 1567 704 1631 neque
727 1542 892 1627 molles,
915 1566 1050 1631 neque

33 1643 333 1713 masculorum
366 1643 694 1756 concubitores,
732 1665 879 1731 neque
919 1645 1049 1726 fures,

32 1767 194 1832 neque
216 1743 360 1825 avari,
383 1764 527 1827 neque
554 1713 742 1825 ebriosi,
765 1765 905 1831 neque
928 1741 1048 1808 male·

36 1845 167 1926 dici,
199 1865 334 1930 neque
369 1861 575 1930 rapaces
605 1865 779 1936 regnum
808 1843 889 1908 Dei
917 1844 1047 1932 possi·

36 1940 221 2012 debunt.
244 1943 269 2028 ¹)
313 1943 358 2006 Et
384 1963 532 2008 rursum:
569 1944 879 2009 Fornicatores
910 1952 1049 2008 autem

36 2055 86 2112 et
120 2039 344 2107 adulteros
370 2041 597 2129 judicabit
624 2041 749 2108 Deus.
767 2043 794 2124 2)
836 2041 1049 2108 Admonendi

35 2148 170 2228 itaque
192 2151 286 2224 sunt,
319 2152 356 2206 ut
379 2143 407 2207 si
428 2142 648 2207 tentationum
676 2140 842 2229 procellas
864 2165 938 2208 cum
961 2140 1048 2207 diffi-

35 2243 179 2312 cultate
214 2240 335 2308 salutis
368 2241 534 2325 tolerant,
569 2243 720 2330 conjugii
754 2251 886 2330 portum
918 2249 1047 2330 petant.

40 2343 220 2428 Scriptum
235 2363 380 2430 namque
394 2349 460 2407 est:
482 2340 634 2407 Melius
657 2352 717 2408 est
739 2341 907 2426 nubere,
932 2365 1051 2429 quam

39 2439 173 2524 uri.⁸)
217 2439 297 2506 Sine
327 2441 424 2527 culpa
452 2441 577 2508 seilicet
599 2439 643 2507 ad
672 2443 866 2529 conjugium
895 2444 1047 2528 veniunt,

41 2545 76 2610 si
103 2549 217 2606 tamen
245 2540 389 2606 necdum
417 2542 554 2608 meliora
581 2555 757 2610 voverunt.
778 2546 806 2629 “J
849 2543 935 2610 Nam
958 2545 1047 2633 quis·

42 2641 131 2731 quis
155 2641 277 2705 bonum
299 2643 407 2728 majus
431 2641 541 2708 subire
567 2646 760 2732 proposuit,
784 2643 907 2710 bonum
928 2646 1047 2730 minus,

73 2883 143 2934 ¹.
201 2879 256 2930 ao
309 2919 316 2933 .
370 2881 579 2936 .-²1.
680 2879 833 2934 .-⁸l.
902 2924 909 2937 .
1015 2915 1045 2924 —-

84 2881 97 2948 ›
119 2879 143 3032 b)
162 2877 316 3032 gbngrdurb
332 2880 384 3019 bb
401 2969 453 3020 voti
465 2879 703 3036 debeibbndff'qdoo
722 2971 762 3020 est
779 2882 1047 3038 deligobbrpdbnbbsio

119 3051 154 3104 do
178 3051 323 3104 meliori
348 3051 414 3105 bono
437 3051 521 3105 libera
548 3053 680 3106 voluntate
705 3054 759 3105 Deo
784 3053 860 3108 iacta.
897 3055 1048 3110 Cestitatem

121 3142 208 3189 autem
227 3137 291 3190 mol
302 3138 355 3190 ius
373 3139 550 3204 essebonum,
570 3153 661 3192 sacrae
674 3137 824 3207 Scripturae
843 3140 875 3208 (1.
886 3141 943 3194 Cor.
963 3143 986 3208 7,
1004 3141 1047 3198 38.

121 3223 176 3276 Issi
194 3223 244 3292 56,
271 3223 296 3276 6.
314 3228 393 3293 atque
416 3224 478 3278 aiibi
497 3224 614 3294 saepius)
637 3230 662 3278 et
679 3227 785 3279 Petrum
810 3227 914 3280 traditio
931 3229 1048 3282 unanimi

121 3313 337 3364 coattestantur.
371 3311 511 3380 „Invenies
528 3313 623 3365 multos
641 3326 675 3365 ex
693 3313 805 3380 nostris,
823 3313 910 3381 inquit
926 3315 1048 3370 Atheus-

123 3396 246 3463 goresin
264 3397 385 3466 Apolog,
403 3404 428 3452 et
446 3398 517 3450 viros
534 3403 560 3451 et
576 3395 702 3466 feminas,
725 3399 771 3466 qui
789 3399 817 3452 iu
835 3397 964 3452 coelibatu
981 3415 1048 3454 eon-

121 3487 270 3548 arescunt,
289 3485 358 3552 quod
376 3486 429 3538 Deo
438 3484 630 3554 conjunctiores
638 3487 771 3554 sperant“
789 3513 823 3522 -
841 3485 955 3540 uastitas
968 3487 1049 3557 juxte

94 3567 148 3630 (S.
167 3568 290 3622 Thomum
310 3571 336 3622 2.
353 3571 378 3623 2.
397 3586 421 3638 q.
442 3570 482 3624 16.
501 3586 526 3624 a.
544 3570 569 3624 3.
593 3573 705 3625 maxime
722 3571 837 3639 disponit
859 3571 988 3624 homiuem
1013 3575 1048 3627 ad

18 3712 23 3721 ,
121 3653 301 3723 perfectionem
319 3657 505 3712 intellectualis
521 3658 690 3727 operationis;
708 3661 814 3712 econtra
829 3671 863 3712 ex
880 3657 1051 3716 incontinen-

121 3740 161 3794 tis
179 3742 291 3796 caecitas
308 3744 401 3796 monus
418 3743 508 3802 oritur.

708 3844 774 3912 8⁸0
