2462 4220
290 891 295 898 «
332 841 473 944 rtts
511 847 755 948 ottttt.

47 1059 312 1170 Quultter
369 1063 739 1172 proculcator
787 1059 1052 1150 omnibus
1143 1153 1148 1164 ,

44 1179 158 1264 rtto
182 1182 432 1288 peractis
466 1185 543 1292 acl
569 1179 936 1289 semetipsum
960 1199 1055 1264 rc·

46 1295 207 1409 deut,
231 1323 306 1388 ne
331 1303 485 1388 huno
510 1301 602 1387 vel
627 1300 746 1386 ulta
771 1297 863 1386 vel
885 1316 1073 1406 pruc-

221 1457 224 1462 ·
298 1417 511 1505 ‹ltcutto
547 1417 801 1506 extollat.

435 1614 659 1626 m—

113 1741 181 1808 sed
197 1747 277 1832 quia
294 1769 412 1836 saepe,
435 1749 513 1814 dum
528 1745 736 1834 praedicatio
746 1749 854 1815 ‘modis
869 1767 1054 1833 congruen-

46 1839 140 1906 tibus
161 1843 306 1910 ubertim
327 1845 500 1930 funditur,
525 1847 616 1934 apud
640 1851 854 1935 semetipsum
880 1848 920 1913 de
943 1855 1053 1911 osten·

47 1941 142 2007 sione
166 1944 219 2007 sui
244 1945 372 2026 occulta
394 1945 527 2012 laetitia
549 1946 719 2031 loquentis
741 1949 873 2014 animus
898 1943 1054 2011 subleva·

45 2051 124 2121 tur,
148 2065 270 2126 magna
293 2067 375 2111 cura
397 2068 536 2111 necesse
559 2056 625 2129 est,
648 2056 687 2112 ut
702 2047 832 2112 timoris
848 2045 1056 2110 laceratione

48 2163 84 2204 se
115 2139 282 2223 mordeat3
312 2166 355 2208 ne
387 2145 446 2231 qui
476 2143 619 2208 aliorum
645 2145 787 2212 vulnera
817 2142 979 2209 medendo
1009 2139 1057 2207 ad

47 2239 194 2304 salutem
215 2255 369 2323 revocat,
392 2245 465 2328 ipse
487 2265 548 2330 per
570 2243 809 2329 negligentiam
832 2265 914 2309 suae
936 2239 1058 2309 salutis

46 2340 269 2423 intumescat,
304 2365 345 2407 ne
376 2343 546 2426 proximos
570 2343 722 2430 juvando
756 2364 791 2408 se
821 2343 978 2422 deserat,
1006 2363 1057 2408 ne

45 2439 134 2503 alios
157 2443 288 2524 erigens
311 2442 419 2506 cadat.
465 2441 551 2506 Nam
574 2442 776 2530 quibusdam
799 2463 899 2528 saepe
922 2440 1057 2524 magni·

44 2533 131 2602 tudo
163 2540 299 2605 virtutis
329 2541 459 2606 occasio
494 2540 693 2625 perditionis
723 2540 804 2622 fuit3
837 2549 875 2605 ut
904 2562 980 2608 cum
1012 2537 1055 2603 (lo

46 2636 253 2702 confidentia
269 2639 390 2704 virium
409 2638 600 2705 inordinate
622 2639 733 2706 securi
750 2648 828 2703 sunt
837 2686 847 2720 ,
871 2661 932 2725 per
947 2636 1055 2722 negliu

46 2736 200 2820 gentiam
221 2737 391 2819 inopinate
412 2747 633 2804 morerentur.
675 2739 795 2804 Virtus
817 2758 962 2823 namque
981 2759 1057 2802 cum

47 2838 142 2900 vitiis
159 2825 336 2919 renititur,
365 2837 511 2922 quadam
528 2837 750 2902 delectatione
767 2839 842 2924 ejus
856 2835 1058 2926 sibimetipsi

45 2937 183 3001 animus
204 2931 389 3000 blanditur:
409 2937 533 3020 fitque,
556 2945 594 3000 ut
615 2934 702 3000 bene
725 2935 858 3019 agentis
877 2958 970 3002 mens
987 2957 1056 3000 mc·

44 3043 118 3100 tum
152 3056 233 3098 suae
264 3035 568 3121 circumspectionis
601 3032 760 3121 abjiciat,
793 3043 896 3121 atquo
930 3037 965 3100 in
1000 3036 1057 3100 sui

45 3134 251 3200 confidentia
272 3155 391 3199 secura
420 3135 626 3220 requiescat;
656 3133 710 3198 cui
732 3133 806 3221 jam
836 3136 982 3221 torpenti
1003 3155 1057 3199 se·

45 3233 169 3300 ductor
197 3231 343 3298 callidus
366 3255 462 3298 omne
492 3229 582 3319 quod
602 3229 688 3295 bene
717 3233 824 3316 gessit
866 3241 1054 3315 enumerat,

44 3353 191 3420 eamque
215 3332 313 3416 quasi
333 3353 418 3418 prae
440 3331 561 3398 ceteris
581 3327 844 3419 praepollentem
866 3329 902 3396 in
923 3339 1054 3396 tumore

44 3431 266 3518 cogitationis
288 3429 425 3496 exaltat
469 3427 569 3496 Unde
591 3429 724 3514 agitur,
756 3437 793 3494 ut
820 3437 898 3494 ante
919 3429 1007 3515 justi
1023 3424 1052 3514 ¹)

83 3657 106 3728 ¹)
123 3658 189 3716 Alit
215 3658 322 3714 stulti
343 3657 461 3730 julium
486 3656 555 3726 qnod
579 3655 642 3710 bene
667 3654 762 3710 nturi
784 3659 871 3726 potest
886 3643 1054 3744 'ai'uroutcu

119 3743 200 3801 stulte
218 3743 250 3798 ie
267 3747 324 3799 mir
340 3741 482 3799 virtutium
499 3745 713 3812 praesumentem.
747 3825 791 3892 1⁰
