2462 4220
430 252 657 321 ..195—

38 421 132 486 tione
154 411 313 486 continua
332 419 423 485 intra
443 419 564 485 mentis
579 427 691 484 eastra
707 439 741 483 so
755 415 921 482 muniant
951 415 1038 483 Nam

40 522 69 586 si
100 541 123 584 a
153 519 459 608 circumspectionis
489 517 715 584 sollicitudine
747 539 802 582 cor
833 514 1035 600 destituitur,

38 617 236 684 vulneribus
257 619 421 705 aperitur:
449 619 528 700 quis
550 618 656 684 hostis
678 615 817 682 callidus
839 625 931 683 tento
952 617 1036 682 libo·

37 719 114 782 rius
136 727 253 804 pectus
275 715 431 802 pereutit,
468 723 592 799 quanto
615 714 741 785 nudum
763 738 783 780 a
805 713 1037 802 providentiae

39 817 147 884 lorica
171 815 398 904 deprehendit
440 815 652 881 Admonendi
674 825 751 880 sunt
759 861 769 896 ,
792 817 850 897 qui
862 817 1037 902 repentina

39 917 312 1005 concupiscentia
335 925 552 1002 superantur,
584 925 621 980 ut
643 936 763 980 curare
784 915 884 979 nimis
904 923 1038 980 terrena

41 1015 258 1098 desuescant3
282 1019 361 1099 quia
382 1015 597 1080 intentionem
621 1035 715 1080 suam
741 1012 815 1078 dum
831 1012 934 1079 rebus
949 1021 1039 1082 trau·

41 1115 168 1181 sitoriis
195 1113 443 1180 immoderatius
474 1113 663 1200 implicant,
705 1112 827 1196 quibus
865 1111 1038 1199 culparum

36 1213 163 1302 jaculis
191 1213 452 1298 transfigantur,
485 1213 651 1297 ignorant.
702 1211 801 1277 Unde
831 1222 863 1278 et
889 1233 951 1299 per
975 1209 1036 1276 Sa·

39 1313 203 1379 lomonem
249 1334 316 1377 vox
354 1311 508 1398 percussi
559 1321 593 1376 et
640 1312 833 1378 dormientis
879 1309 1037 1398 exprimi·

39 1421 113 1490 tur,
150 1411 208 1493 qui
237 1412 299 1476 ait:
346 1409 698 1476 Verberaverunt
741 1433 813 1494 me,
856 1411 1038 1478 sednon

36 1509 175 1592 dolui3
209 1519 440 1576 traxerunt
477 1531 559 1592 me,
595 1521 635 1575 et
677 1533 754 1596 ego
794 1533 874 1577 non
910 1508 1036 1575 sensi.

41 1608 217 1689 Quando
247 1607 487 1692 evigilabo,
525 1619 565 1674 et
595 1632 761 1676 rursum
789 1611 895 1674 vina
920 1630 1035 1694 repe·

39 1709 169 1774 riam?
189 1704 214 1794 ¹)
258 1708 356 1774 Mens
383 1709 507 1795 quippe
536 1731 558 1774 a
585 1732 668 1774 eura
695 1732 776 1776 suae
806 1707 1036 1774 sollicitudinis

40 1808 208 1874 dormiens
229 1807 427 1874 verberatur
449 1818 483 1874 et
502 1832 569 1874 non
591 1809 694 1892 dolet,
726 1809 811 1896 quia
828 1809 913 1872 sieut
930 1807 1036 1871 immi-

40 1908 160 1973 nentia
180 1905 356 1972 malanon
379 1908 556 1995 prospicit,
586 1910 633 1973 sio
660 1929 723 1972 neo
756 1929 842 1992 quae
865 1913 1036 1992 perpetra·

39 2008 131 2073 verit
168 2008 326 2090 agnoseit.
385 2005 566 2091 Trahitur,
608 2015 640 2070 et
672 2025 887 2092 nequaquam
922 2003 1035 2086 sentit,

40 2106 125 2194 quia
146 2125 206 2190 per
226 2103 406 2170 illecebras
428 2105 583 2171 vitiorum
606 2102 738 2172 ducitur
745 2152 755 2186 ,
779 2125 842 2169 nee
861 2112 974 2168 tamen
993 2101 1037 2167 ad

40 2205 96 2271 sui
122 2202 305 2270 custodiam
342 2205 531 2270 suscitatur.
583 2203 680 2283 Quae
716 2201 847 2290 quidem
876 2199 1037 2286 evigilare

39 2310 153 2390 optat,
175 2311 213 2366 ut
233 2325 366 2366 rursum
382 2303 462 2368 vina
477 2304 638 2388 reperiat:
660 2304 739 2388 quia
756 2303 909 2390 quamvis
923 2321 1036 2366 somno

39 2403 186 2488 torperis
208 2425 229 2468 a
252 2401 304 2466 sui
327 2401 477 2469 custodia
498 2413 688 2488 prematur,
712 2400 855 2487 vigilare
870 2396 1036 2466 tamenad

41 2499 147 2566 seculi
168 2523 265 2567 ouras
285 2502 423 2584 nititur,
450 2511 488 2570 ut
510 2523 639 2588 semper
660 2499 890 2586 voluptatibus
907 2495 1035 2563 debrie-

40 2610 113 2680 tur,
138 2608 263 2664 etcum
287 2599 331 2665 ad
353 2599 439 2664 illud
461 2600 622 2684 dormiat,
648 2600 685 2665 in
706 2622 772 2686 quo
797 2597 931 2666 solerter
952 2597 1036 2683 vigi-

39 2697 111 2762 lare
134 2697 311 2782 debuerat,
345 2697 388 2765 ad
413 2697 504 2764 aliud
527 2699 671 2782 vigilare
693 2699 839 2786 appetit,
874 2696 918 2761 ad
947 2697 1035 2783 quod

40 2795 262 2862 laudabiliter
283 2797 427 2864 dormire
449 2799 621 2884 potuisset
663 2797 752 2862 Hinc
769 2785 927 2885 ¹superius
947 2793 1036 2862 ¹scri·

38 2905 134 2983 ptum
156 2903 223 2960 est:
253 2895 304 2962 Et
327 2897 422 2962 eris
445 2898 575 2983 quasi
598 2897 814 2963 dormiens
836 2897 878 2963 in
899 2896 1035 2965 medio

39 2995 167 3074 mari,
190 3001 231 3058 et
254 2997 374 3080 quasi
397 2997 561 3077 sopitus
583 2993 858 3081 gubernator
879 2995 1036 3062 amisso

39 3092 168 3158 clavo.
186 3092 214 3180 ²)
256 3095 298 3158 In
319 3093 427 3160 medio
450 3097 538 3160 enim
553 3095 637 3159 mari
655 3094 786 3178 dormit,
810 3095 915 3182 quiin
933 3091 1036 3181 hujus

38 3190 156 3256 mundi
176 3191 415 3258 tentationibus
437 3196 566 3281 positus
587 3193 763 3280 providere
783 3204 890 3260 motus
907 3193 1035 3264 irruen-

37 3292 123 3356 tium
143 3291 301 3358 vitiorum
323 3295 421 3378 quasi
453 3295 664 3360 imminentes
693 3292 861 3359 undarum
889 3291 1060 3358 cumulos'

36 3388 195 3476 negligit.
222 3389 267 3456 Et
275 3391 373 3478 quasi
383 3389 516 3457 olavum
531 3391 738 3477 gubernator
751 3390 883 3478 amittit,
903 3388 1035 3477 quaudo

36 3511 135 3555 mens
156 3487 201 3556 ad
229 3487 410 3574 regendam
432 3510 553 3557 narem
575 3493 725 3576 eorporis
745 3488 890 3556 studium
912 3487 1034 3556 solliei-

72 3707 95 3773 ·)
113 3707 191 3763 rav,
208 3705 249 3777 ae,
268 3706 310 3762 eo.
330 3735 360 3748 -
380 3705 401 3774 ¹)
418 3707 494 3762 rav.
512 3707 555 3777 as,
569 3662 616 3763 er.
725 3789 745 3855 9
763 3791 782 3832 s
